3022 4874
501 165 637 231 &atores
652 167 691 248 os
700 166 792 229 Jcsus
810 164 938 251 Colleqe,
957 165 1087 252 chord.

669 377 739 441 Pro
752 377 913 442 dealitate.

265 503 285 532 ‘⁴
297 497 389 561 Audi
402 517 516 596 preces
531 506 667 574 nostras,
678 507 802 561 aetema
814 497 922 561 Patris
933 495 1113 582 Sapientia,
1126 495 1279 560 Domine
1290 495 1318 560 J
1319 519 1386 574 eeu,

220 585 338 669 etqui
368 593 468 646 otram
495 592 615 646 tenerae
639 583 732 646 aetati
764 582 944 648 docilitatis
972 581 1175 647 commodum
1203 581 1386 661 addidisti,

220 668 317 746 adde,
334 691 457 756 quaeso,
474 666 518 733 ad
541 678 672 732 naturae
694 670 940 817 propensionem
964 667 1124 732 auxilium
1142 667 1268 752 gratiae
1295 678 1386 747 tuae3

222 765 261 819 ut
277 754 388 819 literas
413 777 449 818 ac
471 753 629 818 liberales
644 752 749 840 discip
764 755 836 817 inas
855 755 955 818 citius
978 752 1212 840 perdiscamus,
1227 753 1296 818 sed
1316 763 1384 819 tuae

220 840 334 926 gloriae
360 841 557 917 servituram
587 862 730 925 quarum
762 840 967 904 adminiculis
992 839 1117 926 adjuta,
1141 861 1233 902 mens
1265 850 1384 905 nostra

220 925 354 1074 plenius
391 936 585 1010 assequatur
614 925 829 1012 cognitionem
857 927 917 1005 tui,
948 948 1044 1010 quem
1081 946 1173 990 nosse
1202 924 1381 991 felicitatis

244 1034 373 1077 umanae
401 1034 529 1076 summa
557 1021 630 1089 est3
668 1022 772 1096 utque
803 1012 847 1076 ad
876 1022 945 1076 tuae
977 1011 1184 1076 sanctissimae
1218 1013 1381 1098 pueritiae

220 1099 406 1187 exemplum
427 1097 533 1162 indies
549 1097 755 1183 proficiamus
776 1109 887 1178 aetate,
911 1098 1081 1184 sapientia,
1102 1108 1137 1162 et
1158 1098 1271 1183 gratia
1288 1098 1382 1184 apud

220 1183 329 1249 Deum
344 1195 378 1249 et
392 1182 557 1260 homines3
573 1183 635 1269 qui
649 1184 733 1247 vivis
742 1193 775 1246 ct
789 1206 825 1247 rc
872 1206 907 1248 as
923 1182 1027 1263 Deus,
1043 1183 1077 1246 in
1090 1184 1251 1248 consortio
1261 1184 1379 1250 Patris

219 1281 252 1336 et
266 1270 408 1354 Spiritus
423 1270 545 1349 Sancti,
561 1269 597 1333 in
612 1278 735 1334 aeterna
750 1292 833 1333 saecu
849 1294 878 1336 a.
929 1268 1068 1335 Amen.'’

262 1355 377 1421 Dictas
412 1365 524 1420 autem
560 1377 670 1440 preces
700 1355 873 1455 theologiae
906 1355 1110 1419 baccalaurei
1144 1364 1179 1419 et
1210 1354 1377 1454 Magistri

218 1443 346 1523 artium,
358 1466 417 1506 suo
431 1443 568 1526 quisque
585 1443 709 1522 ordine,
721 1465 741 1507 a
755 1444 938 1506 semoribus
956 1441 1140 1527 incipiendo
1153 1440 1197 1505 ad
1212 1447 1377 1526 junrores,

218 1528 338 1594 deinde
355 1551 375 1592 a
407 1529 587 1593 ‘unioribus
610 1528 653 1593 ad
676 1528 820 1592 seniores
846 1526 1043 1592 recurrendo
1058 1526 1272 1605 circulariter,
1286 1528 1378 1592 ordi·

218 1625 316 1679 antur
339 1625 374 1679 et
396 1552 522 1698 degant,
547 1636 613 1677 una
650 1636 725 1677 cum
756 1614 910 1696 reliquis3
940 1613 1142 1699 singulisque
1169 1634 1229 1761 pro
1259 1613 1377 1679 labore

219 1698 487 1764 hebdomadatim
512 1698 683 1762 duodecim
707 1698 835 1763 denarii
859 1709 1080 1763 numerentur.
1125 1699 1177 1762 Vo
1191 1721 1302 1779 umus,
1327 1701 1378 1763 in·

219 1807 327 1870 super,
349 1794 388 1848 ut
407 1806 519 1847 mensa
538 1795 613 1849 ante
629 1785 736 1847 cibum
751 1796 921 1871 sumptum
944 1808 1003 1871 per
1027 1785 1249 1870 precationem
1274 1785 1377 1850 bene·

220 1871 359 1943 dicatur,
391 1880 425 1934 et
448 1879 523 1956 post
544 1870 652 1933 cibum
676 1870 791 1956 gratim
814 1881 965 1956 agantur,
991 1871 1101 1954 aliquo
1133 1869 1376 1954 discipulorum

218 1979 294 2020 voce
323 1966 503 2043 praeeunte,
533 1955 732 2039 reliquisque
758 1958 909 2020 omnibus
938 1958 1155 2042 praesentibus
1181 1965 1314 2022 attente
1341 1968 1377 2023 et

218 2043 336 2109 devote
350 2042 559 2109 audientibus
575 2051 609 2106 et
620 2043 899 2128 respondentibus.
944 2043 1064 2108 Forma
1077 2043 1146 2107 haeo
1161 2043 1244 2107 erit:

521 2207 668 2271 Precatio
682 2216 752 2269 onte
764 2207 864 2269 cibum
879 2208 1066 2270 morandum.

262 2334 281 2364 “
294 2328 375 2408 Noa,
384 2328 496 2391 miseri
505 2338 540 2392 ct
550 2338 683 2413 egentes
692 2327 849 2407 homines,
861 2351 921 2414 pro
931 2329 1012 2407 cibo,
1022 2350 1119 2413 quern
1129 2327 1170 2392 ad
1182 2327 1374 2395 alimoniam

217 2415 358 2500 corporis
372 2413 606 2478 sanctificatum
619 2413 710 2476 nobis
726 2437 759 2476 es
774 2414 925 2500 largitus,
936 2425 973 2482 ut
987 2437 1025 2478 eo
1040 2426 1175 2478 utamur
1186 2415 1285 2500 grati,
1297 2418 1373 2494 tibi,

217 2501 309 2563 Deus
331 2498 545 2585 omnipotens,
568 2498 668 2562 Pater
689 2500 841 2578 coelestis,
865 2501 988 2587 gratias
1010 2510 1197 2564 reverenter
1219 2502 1373 2587 agimus3

214 2585 313 2649 simul
324 2587 536 2654 obsecrantes,
546 2593 585 2647 ut
597 2584 705 2648 eibum
720 2586 920 2672 angelorum,
934 2609 1048 2650 verum
1060 2608 1178 2670 panem
1188 2586 1372 2661 coelestem,

213 2672 349 2736 verbum
377 2671 445 2736 Dei
473 2681 644 2748 oeternum,
668 2670 845 2735 Dominum
873 2686 1018 2736 nostrum
1043 2673 1066 2736 J
1069 2694 1159 2735 esum
1185 2671 1371 2754 Christum,

212 2759 307 2822 nobis
321 2757 538 2858 impertiar-im
558 2768 598 2822 ut
620 2757 678 2820 illo
693 2780 783 2820 mens
798 2768 910 2822 nostra
931 2768 1094 2842 pascatur,
1107 2769 1141 2823 et
1156 2780 1217 2844 per
1237 2781 1372 2825 carnem

212 2855 246 2910 et
260 2866 456 2932 sangumem
472 2850 542 2930 ejus
557 2843 735 2922 foveamur,
750 2843 878 2907 alamur
893 2853 928 2908 et
943 2845 1193 2909 corroboremur.
1224 2844 1370 2909 Amen.''

614 2993 694 3056 Post
706 2993 807 3054 cibum
816 2994 962 3077 precatio.

253 3113 556 3198 “Quandoquidem
570 3135 637 3194 noe,
648 3113 797 3193 Domine,
813 3113 904 3178 donis
920 3114 996 3188 tuis,
1005 3115 1210 3201 omnipotens
1226 3125 1260 3180 et
1269 3116 1365 3181 mise

209 3198 306 3263 ricors
320 3201 423 3279 Deus,
439 3200 629 3278 exsatiasti3
651 3200 750 3280 effice,
775 3211 813 3265 ut
827 3200 962 3287 posthac
977 3200 1057 3285 quid
1095 3223 1131 3264 er
1144 3224 1203 3266 nos
1217 3202 1288 3265 fieri
1303 3213 1365 3268 aut

209 3307 299 3348 secus
322 3286 411 3365 velis,
438 3285 616 3373 diligenter
635 3287 855 3359 observemus,
873 3298 974 3373 atque
998 3223 1094 3350 illud
1107 3289 1214 3352 animo
1237 3286 1363 3352 sincero

207 3369 358 3518 qffectupr
372 3381 563 3459 praestemus
571 3399 581 3449 ;
605 3394 664 3458 per
680 3372 704 3435 J
706 3394 796 3437 esum
816 3372 987 3437 Christum
1006 3373 1187 3437 Dominum
1204 3383 1362 3438 nostrum.

239 3478 324 3521 men.

325 3545 405 3608 Vera.
452 3546 473 3578 “
485 3541 631 3620 Domine,
647 3540 774 3604 salvum
789 3543 839 3605 fac
858 3543 1014 3629 Regem.”

316 3630 408 3714 Resp.
453 3627 532 3692 “Et
547 3627 741 3691 exaudinos
757 3627 790 3691 in
806 3628 860 3692 die
876 3653 941 3712 qua
956 3630 1213 3695 invocaverimus
1228 3630 1293 3695 te.”

207 3718 227 3750 “
240 3713 343 3789 Deus,
356 3714 392 3776 in
407 3719 499 3798 cujus
514 3735 614 3777 manu
632 3723 709 3777 sunt
723 3714 821 3778 corda
834 3738 960 3800 regum,
974 3717 1030 3800 qui
1046 3740 1079 3781 es
1093 3716 1267 3781 humilium
1284 3738 1361 3781 con-

205 3798 335 3879 solator,
350 3809 385 3863 et
398 3797 542 3863 fidelium
556 3799 724 3879 fortitudo,
736 3811 771 3867 et
785 3812 951 3887 protector
966 3803 1112 3866 omnium
1126 3803 1160 3866 in
1177 3813 1210 3868 te
1225 3825 1361 3887 speran-

207 3885 301 3965 tium,
317 3885 361 3950 da
370 3885 460 3972 Regi
471 3895 580 3949 nostro
591 3885 615 3950 J
616 3886 735 3950 acobo*
748 3887 934 3974 populoque
949 3887 1139 3954 Christiano
1154 3888 1360 3975 triumphum

205 3971 338 4035 virtutis
362 3981 430 4036 tuae
452 3973 591 4037 scienter
611 3972 727 4050 colere,
750 3984 788 4037 ut
810 3997 870 4061 per
894 3985 927 4037 te
952 3996 1081 4059 semper
1100 3985 1300 4060 reparentur
1316 3974 1360 4038 ad

205 4056 363 4144 gloriam
390 4080 450 4143 per
467 4057 636 4124 Christum
652 4058 829 4123 Dominum
843 4071 999 4124 nostrum.
1047 4059 1187 4126 Amen.”

585 4238 598 4269 *
617 4241 633 4264 ‘⁴
641 4237 749 4288 Carolo”
761 4236 788 4286 in
799 4238 921 4288 Lambeth
933 4238 987 4291 MS.
