3022 4874
214 156 254 219 rt
496 151 634 219 &aare
648 156 687 236 of
694 153 787 218 Jecur
806 150 933 240 Callope,
953 153 1082 241 Ocscrd

211 318 265 384 vel
286 315 552 383 commorantium
580 316 616 382 in
638 315 763 398 eodem,
782 327 857 404 post
882 315 998 383 horam
1017 314 1211 469 predictam
1236 324 1377 404 portam

211 405 292 469 dicti
320 403 449 490 collegii
476 403 669 554 quisaverit,
697 426 757 469 sex
785 402 928 469 denariis
960 427 1017 469 mu
1046 402 1184 502 tabitnr,
1217 401 1275 467 vel
1307 403 1376 468 alio

210 491 318 568 modo,
333 489 488 575 Principa
500 489 529 554 is
542 499 602 555 aut
617 489 894 577 Viceprincipalis
907 491 1055 568 arbitrio,
1071 500 1265 576 corrigetur.

393 637 445 703 29.
453 639 544 704 -De
556 640 762 726 Principalis,
777 643 807 704 si
819 639 1010 725 opussitcrt't,
1025 640 1183 704 amotione.

255 751 353 831 Cum,
363 759 499 837 propter
509 748 702 835 Principalis
709 750 948 836 negligentiam
960 758 1022 813 aut
1030 749 1108 814 vitae
1117 747 1373 831 inhonestatem,

213 837 299 903 dicto
313 836 449 924 collegio
463 835 633 922 dispendia
651 845 685 900 et
770 859 808 900 ve
824 834 1014 900 scandalum
1040 835 1208 899 imminere
1232 836 1373 922 possint,

19 967 89 1004 ,um
98 954 138 1001 f„
214 924 399 995 statuimus,
415 921 603 988 ordinamus
619 932 653 987 et
667 944 708 986 vo
721 945 827 1001 umus,
842 932 881 988 ut
891 921 998 987 dictus
1013 921 1222 1008 Principalis,
1238 922 1299 1007 qui
1310 945 1373 1009 pro

6 1011 203 1062 *meutiemin-
216 1010 539 1097 temporefuerit,pro
564 1008 950 1095 terdilapidationemseu
960 1008 1370 1088 alienationemterrarum,

5 1074 82 1178 ἁμὶ,
139 1072 171 1118 δ’
215 1107 488 1171 tenementorum,
498 1033 694 1171 reddituum,
710 1095 955 1182 possessionum,
968 1093 1188 1194 spiritualium
1208 1117 1267 1159 seu
1284 1104 1373 1160 tem·

214 1183 387 1271 poralium,
397 1193 456 1248 aut
467 1181 720 1246 destructionem
731 1204 788 1246 seu
800 1180 1028 1246 alienationem
1043 1180 1191 1245 illicitam
1205 1181 1369 1247 bonorum

214 1281 248 1336 et
263 1292 374 1335 rerum
400 1269 478 1334 dicti
496 1268 634 1355 collegii,
649 1277 783 1354 propter
803 1268 1071 1332 incontinentiam
1091 1288 1237 1354 gravem,
1260 1267 1370 1333 hoini-

213 1356 337 1422 cidium
354 1355 587 1434 voluntarium,
603 1355 745 1418 aliamve
765 1376 894 1419 causam
914 1354 1113 1418 consimilem
1136 1374 1368 1441 quameunque

213 1443 323 1530 ipsum
352 1442 567 1529 irregularem
595 1440 787 1506 reddentem
816 1441 869 1505 vel
897 1440 995 1506 aliter
1022 1439 1211 1519 inhabilem,
1240 1463 1369 1506 necnon

212 1540 346 1617 propter
366 1529 589 1594 infirmitatem
611 1528 832 1613 contagiosam
846 1526 1068 1605 incurabilem,
1088 1531 1181 1612 cujus
1201 1526 1368 1593 occasione

212 1616 352 1680 officium
378 1637 472 1679 suum
496 1614 691 1700 praedictum
713 1636 777 1677 non
801 1613 925 1701 poterit
947 1614 1072 1700 absque
1096 1612 1191 1699 gravi
1210 1613 1367 1679 seandalo

212 1723 359 1767 exercere
377 1709 437 1765 aut
454 1721 621 1798 occupare,
643 1700 685 1763 ab
705 1699 816 1779 officio,
831 1700 866 1763 in
882 1699 967 1763 hunc
983 1699 1042 1786 qui
1058 1698 1207 1784 sequitur
1220 1697 1366 1801 modum,

0 1812 202 1873 annerofpro
213 1796 414 1852 amoveatur.
468 1785 540 1852 Ub1
562 1795 665 1871 igitur
693 1784 735 1848 de
760 1785 872 1870 aliquo
896 1787 1138 1871 praemissorum
1163 1785 1367 1871 Viceprinci-

14 1873 69 1919 ⁰⁰di
113 1872 141 1919 ¹¹¹
212 1873 292 1960 pali,
306 1871 465 1945 burserio,
481 1880 515 1937 et
536 1871 657 1936 censori
679 1871 893 1957 philosophiae
915 1871 997 1936 dicti
1014 1871 1154 1959 collegii,
1171 1872 1227 1936 vel
1249 1872 1367 1959 majori

0 1956 1 1967 ι
18 1944 82 1977 mov
107 1967 113 1979 .

237 1961 302 2025 arti
315 1958 502 2038 eorundem,
517 1957 708 2036 constiterit,
720 1959 827 2022 vorati
842 1959 876 2022 in
887 1958 996 2022 aulam
1013 1957 1057 2022 ad
1071 1958 1182 2022 horam
1193 1959 1365 2042 praefixam

211 1982 287 2111 lluic
330 2045 464 2132 negotio
500 2066 560 2130 per
588 2043 896 2131 Viceprincipalem,
930 2067 972 2109 ex
1004 2066 1139 2109 assensu
1167 2055 1365 2111 caeterorum

210 2133 378 2199 Sociorum
410 2131 637 2197 officiariorum
669 2129 721 2194 vel
744 2131 875 2216 majoris
900 2131 1003 2216 partis
1034 2130 1219 2206 eorundem,
1246 2153 1366 2197 conve-

210 2220 303 2284 nient
317 2241 429 2283 omnes
445 2217 530 2281 Socii
545 2217 579 2281 iri
601 2215 825 2282 Universitate
844 2227 914 2282 tum
928 2226 1106 2304 praesentes
1115 2240 1125 2294 3
1151 2226 1196 2294 et,
1212 2217 1365 2302 exposita

210 2327 307 2370 eausa
320 2315 424 2368 ooetus
437 2303 538 2382 illius,
566 2302 834 2389 Viceprincipalis
847 2313 1009 2369 statutum
1026 2303 1096 2377 hoc,
1112 2304 1236 2369 caeteris
1260 2305 1364 2369 ouini·

211 2393 274 2456 bus
297 2412 369 2454 cuin
389 2389 519 2453 silentio
539 2387 760 2460 audientibus,
780 2389 931 2454 distincte
952 2399 985 2454 et
1010 2390 1097 2456 clare
1119 2391 1225 2477 leget,
1241 2389 1296 2456 rei
1316 2391 1364 2456 sic

210 2477 279 2564 legi
293 2499 352 2562 per
368 2497 470 2540 unum
485 2496 526 2539 eii
537 2474 698 2560 praedictis
711 2475 811 2540 Sociis
824 2476 1014 2563 procurabit
1025 2501 1033 2555 ;
1055 2477 1190 2576 ipseque
1207 2476 1363 2564 primum,

209 2564 335 2627 seniore
358 2561 449 2628 socio
462 2571 625 2646 praesente
641 2567 868 2647 juramentum
883 2563 926 2626 ab
945 2562 1017 2661 ipso
1032 2585 1083 2626 exi
1108 2575 1192 2643 ente,
1213 2563 1364 2650 religiose

205 2649 341 2737 jurabit,
354 2647 443 2732 quod
451 2670 557 2732 neque
566 2658 698 2748 propter
707 2647 876 2727 invidiam,
886 2648 1055 2729 malitiam,
1067 2586 1188 2726 odium,
1199 2650 1363 2732 timorem,

208 2746 461 2823 nequepropter
471 2735 742 2821 conspirationem
759 2735 962 2814 aemulorum,
973 2745 1032 2800 aut
1042 2735 1361 2818 oonfoedcrationem,

207 2845 266 2888 seu
280 2821 538 2910 procurationem
553 2821 688 2885 aliou'us
703 2821 756 2884 vel
765 2821 959 2907 aliquorum,
974 2843 1035 2887 nec
1049 2844 1155 2908 prece,
1164 2821 1282 2908 pretio,
1299 2832 1362 2888 aut

208 2909 273 2975 alio
284 2930 479 3006 quocunque
492 2904 589 2971 modo
604 2845 728 2985 illicito,
742 2906 903 2986 inductus,
918 2907 976 2972 sed
988 2906 1186 2973 solummodo
1199 2927 1261 2993 pro
1273 2908 1362 2974 bono

209 2996 277 3060 zelo
301 3007 337 3061 et
359 2993 506 3059 utilitate
530 2991 656 3078 collegii
679 2990 839 3079 praedicti,
865 3004 899 3059 et
922 3016 982 3080 pro
1013 2991 1138 3058 salubri
1164 3003 1199 3059 et
1226 2993 1361 3062 meliore

209 3082 367 3182 regimine
381 3077 547 3144 ethonore
561 3077 719 3164 ejusdem,
736 3078 952 3166 Principalem
965 3081 1130 3167 expellere
1144 3090 1302 3160 oonatur3
1325 3093 1362 3149 et

208 3166 337 3248 deinde,
376 3164 628 3252 Viceprincipali
653 3168 879 3250 juramentum
914 3165 1013 3232 Sociis
1043 3166 1116 3231 aliis
1145 3167 1360 3247 ministrante,

208 3253 319 3318 caetari
332 3275 455 3331 ornnes,
465 3274 523 3316 suo
535 3251 655 3334 quique
663 3251 787 3332 ordine,
796 3251 946 3317 similiter
950 3251 1120 3340 jurabunt
1160 3253 1288 3331 Quibus
1296 3254 1360 3319 rite

208 3340 357 3426 peractis,
368 3338 448 3403 Vice
473 3337 639 3423 rincipalis
654 3347 689 3402 et
702 3337 824 3421 reliqui
839 3361 947 3402 omnes
964 3339 1050 3404 Socii
1064 3348 1253 3424 praesentes,
1263 3339 1360 3406 Vice-

207 3423 382 3512 principali
395 3432 430 3487 et
449 3359 578 3486 duobus
596 3422 740 3487 maxime
756 3424 936 3488 senioribus
954 3435 1026 3490 tum
1042 3425 1260 3524 praesentibus
1273 3448 1361 3491 scru-

209 3511 329 3575 tinium
338 3508 586 3594 excipientibus,
598 3507 634 3570 in
647 3530 840 3595 pergameno
852 3509 932 3595 quid
941 3509 983 3574 de
996 3510 1186 3597 Principalis
1195 3513 1360 3578 amotione

208 3596 349 3662 sentiant
362 3594 514 3659 distincte
524 3603 557 3659 et
572 3592 680 3679 plane,
691 3595 833 3681 propriis
847 3596 967 3681 quique
975 3597 1136 3677 manibus,
1148 3598 1361 3674 conscribent,

207 3705 273 3747 una
288 3705 360 3746 cum
373 3680 476 3746 causis
490 3690 625 3779 propter
640 3702 719 3764 quas
733 3682 947 3747 amovendum
962 3683 1164 3750 ‘udicabunt
1210 3684 1307 3764 Quod
1321 3685 1362 3766 si,

208 3768 375 3854 suffragiis
388 3788 448 3853 per
462 3766 760 3853 Viceprincipalem
781 3776 816 3831 et
832 3768 937 3833 dictos
946 3706 1028 3834 duos
1050 3769 1192 3836 maxime
1216 3771 1361 3836 seniores

208 3854 416 3941 computatis,
432 3858 536 3938 major
549 3874 625 3937 pars
644 3852 894 3939 suffragantium
913 3855 948 3918 in
964 3855 1045 3920 dicti
1061 3856 1256 3944 Principalis
1270 3879 1361 3922 amo-

211 3943 333 4006 tionem
349 3963 415 4005 non
434 3939 640 4018 consenserit,
659 3949 730 4004 tum
745 3941 788 4004 ab
803 3939 890 4004 omni
905 3941 1053 4007 ulteriori
1067 3963 1216 4029 processu
1231 3943 1274 4008 ad
1289 3950 1360 4030 ejus

207 4027 405 4092 amotionem
417 4036 593 4112 spectante,
608 4048 667 4113 pro
682 4025 739 4089 illo
751 4036 898 4111 tempore
908 4036 943 4090 et
953 4051 1060 4110 causa,
1072 4027 1189 4093 cessari
1199 4030 1359 4095 volumus.

210 4115 246 4178 Si
279 4123 390 4178 autern
419 4135 494 4198 pars
523 4117 627 4198 major
655 4113 868 4176 amovendum
898 4113 1087 4195 decreverit,
1119 4114 1294 4180 statuimus
1323 4125 1360 4181 et

209 4201 397 4265 ordinamus
428 4207 477 4276 ut,
508 4221 572 4282 quo
598 4199 695 4264 fama
725 4210 759 4262 et
784 4197 899 4262 honori
931 4200 1068 4287 collegii,
1097 4209 1255 4285 quantum
1287 4200 1359 4264 lieri

208 4296 328 4374 potest,
344 4285 540 4365 consulatur,
554 4296 589 4350 et
602 4284 723 4369 reliqui
744 4284 808 4350 sibi
827 4285 975 4367 fraterne,
991 4287 1044 4352 uti
1060 4287 1162 4369 decet,
1174 4307 1250 4352 eum
1271 4307 1360 4350 aino·

210 4373 313 4441 vendo
328 4368 489 4462 agendum
504 4370 702 4458 intelligant,
718 4379 794 4436 ante
808 4370 909 4436 aliurn
930 4395 1153 4459 quemcunque
1168 4372 1360 4440 ulteriorem
