3022 4874
453 247 589 314 Statutes
603 247 642 331 qs
649 246 742 309 Jesns
761 241 889 327 Colleqe,
908 240 1036 325 Oafhrd
1280 241 1320 307 67

167 407 259 493 leges
273 403 459 470 Academiae
473 425 534 490 pro
555 403 613 467 illo
626 401 733 489 gradu
748 401 881 488 exigunt
899 398 1112 466 laudabiliter
1125 399 1322 486 peregerint,

169 504 252 558 tunc
265 491 406 578 gradum
420 490 687 555 baccalaureatus
701 489 735 552 in
752 489 892 566 artibus,
908 488 937 550 si
951 487 1132 574 Principali
1152 498 1186 552 et
1208 488 1324 573 majori

170 578 259 665 parti
284 577 448 642 Sociorum
462 576 511 641 ita
527 577 633 640 visum
655 575 763 654 fuerit,
778 574 941 659 suscipere
955 573 1090 659 possint.
1125 575 1198 648 Quo
1213 584 1323 638 autem

170 666 289 729 melius
303 664 381 728 dicti
397 663 594 748 Principalis
608 673 642 726 et
659 662 744 726 Socii
764 660 806 724 de
821 661 951 724 illorum
973 660 1008 723 in
1032 660 1137 723 literis
1151 682 1323 746 progressu

165 751 315 837 judicare
332 750 475 821 valeant,
491 748 641 813 volumus
655 757 702 828 nt,
718 747 907 836 priusquam
922 745 1002 832 ipsis
1017 745 1158 811 liberum
1177 747 1235 811 fiat
1250 769 1324 832 gra·

173 839 253 902 tiam
276 837 310 900 in
327 835 552 900 Universitate
578 844 703 920 petere,
724 833 898 898 ostendant
915 833 1096 919 Principali
1114 842 1147 897 et
1172 833 1274 896 Sociis
1290 855 1325 898 se

173 925 263 987 Evan
289 922 390 986 elium
413 920 496 985 Divi
518 921 619 985 Lucae
642 942 736 1007 posse
760 921 874 985 Graece
896 928 1093 999 construere,
1116 919 1325 1002 scribantque

171 946 293 1096 singuli
313 1009 445 1073 brevem
468 1029 625 1071 summam
650 1007 944 1084 Aristotelicorum,
966 1005 1020 1069 vel
1046 1005 1244 1092 Topicorum
1272 1006 1326 1069 vel

173 1096 406 1164 Posteriorum,
422 1094 476 1159 vel
498 1093 730 1169 Eleutherum,
746 1092 931 1175 eisdemque
949 1092 1185 1177 inspiciendam
1200 1102 1234 1155 et
1249 1094 1325 1156 exa-

170 1181 355 1246 minandam
370 1179 564 1258 exhibeant3
587 1203 660 1263 qnae
675 1180 738 1243 nisi
752 1179 800 1243 sic
817 1179 958 1249 fecerint,
969 1188 1008 1242 ut
1022 1189 1199 1264 propterea
1206 1179 1325 1242 merito

170 1268 302 1332 laudari
318 1267 470 1339 debeant,
487 1277 558 1330 turn
572 1289 593 1350 a
606 1266 752 1352 petenda
766 1265 855 1330 dicta
875 1265 982 1351 gratia
1005 1286 1064 1350 pro
1089 1264 1147 1327 illo
1171 1286 1256 1327 anno
1274 1287 1325 1328 re-

213 1354 354 1430 llantur3
369 1364 404 1418 et
418 1354 482 1418 nisi
496 1354 532 1417 in
546 1353 692 1438 proximo
706 1352 751 1415 sic
764 1375 799 1416 se
814 1350 1068 1430 emendaverint,
1079 1361 1117 1415 ut
1132 1350 1165 1413 in
1175 1351 1325 1414 omnihus

170 1376 264 1526 digni
287 1440 425 1526 praefato
446 1439 553 1526 gradu
572 1439 773 1524 judicentur,
797 1438 929 1522 penitus
957 1459 978 1500 a
1002 1437 1138 1522 collegio
1168 1446 1324 1518 tanquam

173 1547 238 1590 non
261 1527 462 1612 proficientes
485 1534 706 1588 amoveantur.
752 1523 963 1586 Baocalaurei
986 1544 1061 1585 vero
1086 1524 1216 1602 artium,
1231 1532 1322 1608 post-
1336 1548 1431 1604 negate
1442 1545 1472 1591 of

172 1634 280 1703 quam
294 1613 329 1674 in
352 1610 412 1674 hoc
434 1610 541 1696 gradu
564 1610 742 1673 triennium
765 1609 928 1688 steterint,
943 1618 977 1673 et
990 1609 1276 1674 determinationes
1291 1619 1324 1673 et
1336 1607 1430 1710 {lam
1441 1604 1471 1651 ⁰¹¹

172 1697 292 1762 formas
307 1696 458 1782 publicas
473 1697 516 1761 ad
532 1696 673 1782 gradum
688 1695 874 1782 Magisterii
889 1696 1073 1782 requisitas,
1090 1705 1123 1760 et
1137 1696 1172 1758 in
1187 1697 1324 1761 Univer·
1361 1670 1403 1710 Μ’

153 1794 155 1798 ’
173 1783 272 1849 sitate
286 1783 400 1848 haberi
423 1794 603 1862 consuetas,
621 1782 833 1847 landabiliter
857 1781 1074 1866 impleverint,
1090 1803 1212 1845 necnon
1237 1781 1326 1846 domi

173 1869 263 1935 intra
285 1871 435 1956 privatas
458 1870 599 1955 parietes
625 1868 779 1933 lectiones
807 1869 1000 1932 constitutas
1024 1867 1202 1948 audierint,
1227 1878 1261 1933 et
1290 1869 1326 1933 in

173 1957 294 2020 studiis
308 1956 495 2042 linguarum
510 1965 545 2020 et
559 1955 774 2041 philosophiae
791 1965 859 2019 tam
883 1955 1044 2019 naturalis
1068 1976 1168 2040 quam
1184 1955 1325 2035 moralis,

173 2052 207 2108 et
221 2043 394 2122 rhetorica,
409 2043 613 2128 profecerint,
629 2040 867 2128 disputationes
876 2041 957 2105 item
972 2051 1007 2104 et
1020 2041 1141 2105 similia
1155 2042 1327 2105 excercitia

173 2128 352 2216 diligenter
375 2132 585 2217 peregerint3
618 2138 708 2208 tunc,
732 2130 759 2190 si
783 2150 803 2191 a
827 2127 1006 2212 Principali
1032 2137 1066 2191 et
1088 2127 1204 2209 majori
1230 2138 1327 2212 parte

173 2215 341 2280 Sociorum
363 2225 430 2280 tam
444 2237 505 2300 pro
518 2214 665 2278 moribus
681 2236 780 2299 quam
798 2213 982 2275 eruditione
996 2212 1067 2298 apti
1082 2222 1113 2276 et
1128 2212 1237 2276 idonei
1251 2235 1327 2276 cen·

172 2303 341 2377 sebuntur,
356 2302 445 2367 intra
459 2310 526 2364 tres
540 2321 667 2363 menses
681 2303 825 2383 proxime
839 2309 1023 2370 secuturos,
1037 2299 1158 2382 absque
1173 2298 1328 2363 ulteriore

172 2386 462 2466 dilatione,artium
470 2385 627 2472 Magistri
635 2395 786 2449 creentur
798 2408 807 2461 3
817 2406 943 2462 verum,
953 2393 1028 2449 ante
1039 2395 1187 2449 exactum
1197 2395 1328 2472 tempus

172 2473 208 2536 in
222 2472 273 2535 his
287 2474 421 2537 statutis
443 2472 632 2550 limitatum,
656 2471 804 2534 nolumus
823 2480 863 2534 ut
886 2470 1058 2557 quisquam
1083 2471 1137 2535 vel
1158 2472 1328 2538 baccalau-

173 2568 285 2623 reatus
324 2558 378 2621 vel
418 2556 606 2642 Magisterii
643 2556 782 2642 gradum
815 2557 992 2643 suscipere,
1021 2557 1075 2620 vel
1105 2557 1148 2620 ad
1185 2559 1327 2622 alterum

173 2666 285 2709 eorum
322 2643 521 2729 presentari,
551 2664 611 2728 nec
650 2642 880 2707 baccalaureus
918 2643 1009 2707 ultra
1045 2665 1102 2706 sex
1131 2645 1327 2728 septimanas

174 2740 251 2795 ante
288 2729 576 2794 determinationes
611 2728 691 2806 fieri,
718 2729 944 2814 permittatur,
978 2729 1055 2793 licet
1092 2729 1231 2814 gratiam
1269 2740 1329 2793 aut

174 2815 446 2902 dispensationem
475 2815 517 2879 de
546 2815 701 2901 temporis
733 2813 863 2900 praefati
890 2814 1079 2878 remissione
1108 2823 1166 2877 aut
1190 2814 1329 2877 diminu-

175 2902 263 2967 tione
287 2904 330 2966 ab
370 2901 588 2967 Universitate
627 2901 819 2965 obtinuerit.
862 2900 929 2976 Qui
957 2909 1067 2964 autem
1098 2898 1328 2985 Magisterium

174 2988 209 3053 in
234 2990 360 3053 artibus
391 2988 476 3053 susci
500 3010 554 3052 ere
585 3009 645 3073 per
674 2987 894 3054 eruditionem
915 2997 1062 3072 possunt,
1087 2995 1122 3050 et
1143 3007 1204 3070 per
1228 3007 1328 3050 anno·

174 3095 249 3138 rum
271 3096 441 3138 numerum
466 3010 598 3152 debent,
631 3096 789 3138 summam
814 3073 960 3160 aliquam
992 3071 1126 3137 moralis
1150 3081 1209 3136 aut
1231 3080 1329 3135 natu·

174 3160 253 3225 ralis
298 3159 493 3247 hilosophiae
513 3159 631 3224 Latine
645 3162 832 3237 confectam,
848 3183 921 3224 oum
936 3159 1126 3245 praefatione
1144 3157 1259 3244 aliqua
1275 3162 1328 3225 vel

174 3184 315 3333 epistola
338 3247 372 3311 in
397 3246 534 3310 eandem
559 3247 671 3310 Graece
693 3247 883 3332 conscripta,
908 3244 1019 3309 Princi
1044 3244 1090 3307 ali
1114 3254 1183 3323 aut,
1206 3266 1245 3308 eo
1271 3244 1329 3307 ab·

174 3344 278 3412 sente,
300 3331 484 3418 Viceprinei
508 3331 751 3418 ali,antequam
775 3331 819 3394 ad
840 3331 932 3395 illum
1029 3353 1085 3394 um
1109 3329 1330 3416 accipiendum

175 3418 402 3493 admittantur,
416 3415 492 3482 exhi
533 3427 600 3482 ant.
634 3417 701 3494 Qui
711 3415 780 3482 haeo
794 3438 858 3480 non
872 3413 995 3495 fecerit,
1004 3416 1046 3480 ad
1057 3416 1286 3503 Magisterium
1295 3415 1330 3478 in

176 3506 303 3569 artibus
316 3526 357 3568 ne
371 3512 624 3588 promoveatur:
650 3512 684 3567 et
702 3503 739 3582 si,
754 3503 842 3568 intra
856 3503 933 3567 anni
949 3503 1092 3589 spatium
1113 3503 1260 3589 proxime
1279 3523 1328 3566 se·

177 3590 317 3678 quentis,
333 3612 374 3655 ea
388 3612 461 3673 quae
472 3589 622 3654 adistum
631 3588 770 3675 gradum
779 3589 957 3653 necessario
971 3611 1030 3675 per
1046 3587 1205 3674 [statuta]
1216 3589 1280 3651 ista
1293 3587 1328 3650 in

175 3677 237 3741 hac
250 3686 346 3762 parte
356 3676 569 3761 requiruntur
575 3696 642 3739 non
657 3675 857 3761 praestiterit,
867 3685 939 3739 tum
954 3675 1045 3739 velut
1053 3697 1117 3738 non
1125 3674 1295 3760 proficiens
1310 3695 1330 3736 a

176 3763 312 3850 collegio
321 3770 521 3828 amoveatur.
567 3761 701 3825 Artium
709 3784 838 3847 quoque
853 3760 1011 3848 Magistri
1022 3783 1132 3826 omnes
1145 3771 1180 3825 et
1191 3759 1327 3846 singuli,
1341 3782 1446 3827 Manen
1456 3779 1486 3825 os

177 3857 244 3913 tem
287 3871 323 3913 re
337 3847 526 3914 necessariae
549 3869 619 3912 suae
642 3871 677 3912 re
717 3848 793 3911 ntiae
816 3870 884 3911 com
910 3848 990 3926 leto,
1016 3847 1128 3912 statim
1143 3846 1187 3910 ad
1203 3867 1328 3909 sacram
1341 3839 1504 3910 Ami-¹¹⁶

176 3872 374 4022 theoldgiam
388 3958 423 4000 se
438 3933 620 4011 divertant3
643 3870 750 4000 eiddm
765 3942 832 3998 tam
847 3933 880 3998 d'
896 3934 1039 4020 igentem
1058 3931 1176 3997 exinde
1193 3901 1479 4017 operamgibilini}111

176 4019 302 4096 dantes,
316 4030 366 4100 ut,
382 4021 522 4107 septimo
541 4030 616 4106 post
637 4020 778 4106 gradum
800 4018 989 4106 Magisterii
1002 4016 1160 4104 adeptum
1176 4040 1271 4096 anno,
1287 4015 1330 4081 ad

177 4107 458 4171 baccalaureatum
483 4106 518 4169 in
544 4106 722 4193 theologia,
742 4117 777 4171 et
802 4105 920 4170 exinde
942 4115 1019 4169 ante
1037 4115 1187 4188 quartum
1212 4125 1332 4167 annum

178 4203 361 4280 asuscepto
375 4193 434 4257 illo
448 4193 555 4279 gradu
578 4192 620 4256 ad
638 4192 777 4279 gradum
799 4191 952 4256 Doctoris
974 4191 1009 4254 in
1025 4189 1140 4254 eadem
1163 4189 1332 4267 facultate,

179 4277 408 4359 admittantur,
424 4279 485 4342 sub
502 4301 604 4365 poena
618 4279 791 4343 amotionis
805 4301 825 4342 a
840 4277 976 4365 collegio
990 4276 1023 4339 in
1038 4284 1243 4361 perpetuum,
1259 4274 1333 4352 nisi,

178 4385 221 4428 ex
244 4387 340 4430 causa
361 4363 562 4464 rationabili,
580 4387 640 4452 per
663 4364 883 4452 Principalem
897 4373 932 4428 et
955 4368 1112 4449 majorem
1127 4369 1255 4448 partem
1278 4360 1334 4424 So·

178 4449 301 4516 ciorum
326 4460 456 4537 tempus
477 4472 629 4536 cuiquam
653 4449 897 4622 prprlngndum
922 4449 1087 4530 videatur,
1102 4456 1161 4512 aut
1181 4445 1280 4594 qliter
1294 4446 1335 4510 ab
1411 4534 1478 4592 Ι.

761 4586 767 4599 .
1138 4553 1157 4596 n
1386 4567 1392 4579 =
