3022 4874
184 589 464 670 STATUTA
499 588 789 671 COLLEGII
824 590 969 673 JESU
1003 586 1193 672 INFRA

279 731 787 809 UNIVERSITATEM
825 729 1090 824 OXONIAE,

108 914 150 954 rx
163 910 373 956 'ronnamoua
394 898 531 959 Raomu
555 899 788 969 Euemeriam
811 910 956 958 conorra
979 916 1019 956 ar
1041 914 1176 957 snucrra
1200 910 1263 956 raa

146 989 260 1047 Rasna
275 989 481 1048 Marasrarrs
495 989 750 1064 Ooumssaaros,
769 1007 804 1047 m
825 1004 891 1048 unc
910 1007 1016 1048 aaron
1033 999 1221 1062 perorares,

186 1094 322 1147 oooaou
336 1092 513 1140 sommam
527 1094 603 1141 rma
618 1100 837 1144 anucmnrua
852 1100 892 1141 ar
906 1098 1174 1143 sossoarronrua.

108 1428 149 1494 ΙΝ
175 1429 307 1492 nomine
332 1437 453 1492 sanctae
483 1437 517 1491 et
546 1427 727 1492 individua
752 1426 938 1504 Trinitatis,
956 1448 1015 1490 nos
1040 1426 1158 1514 Regiae
1185 1427 1259 1490 Ma-

102 1516 233 1600 jestatis
256 1514 478 1587 commissarii,
504 1536 645 1599 quorum
675 1513 807 1579 nomina
835 1512 1092 1592 subscribuntur,
1117 1511 1162 1576 ad
1184 1535 1259 1577 con·-

106 1599 214 1664 denda
243 1610 277 1663 et
307 1598 480 1664 sancienda
509 1609 637 1664 statuta
667 1599 796 1685 collegii
820 1597 901 1662 Jesu
927 1598 1066 1666 Oxoniae
1095 1599 1259 1685 deputati,

64 1686 66 1690 ’
105 1685 309 1772 procedimus
324 1686 358 1748 in
373 1684 459 1750 hunc
472 1685 624 1749 modum:
741 1766 744 1773 ἱ

107 1847 433 1934 1.—DePriacrpcli,
448 1848 786 1920 Sodisasclmloribus,
802 1835 954 1932 Colleqim
969 1857 997 1911 et
1007 1869 1111 1913 aarum
1122 1864 1257 1914 numero.

150 1972 318 2060 Imprimis
333 1975 522 2053 statuimus,
533 1973 722 2038 ordinamus
731 1981 766 2037 et
778 1972 939 2056 volumus,
957 1981 997 2036 ut
1008 1973 1182 2058 collegium
1197 1973 1257 2038 hoc

108 2059 295 2146 Collegium
319 2058 342 2124 J
344 2082 402 2123 esu
421 2059 506 2123 infra
524 2060 693 2124 civitatem
711 2067 745 2122 et
771 2057 1030 2140 Universitatem
1048 2058 1194 2133 Oxoniae,
1215 2082 1256 2123 ex

106 2145 296 2210 fundatione
332 2147 468 2232 Reginae
498 2143 718 2222 Elizabethae,
745 2143 886 2230 Anglice
914 2166 992 2207 vero
1016 2145 1110 2208 Jesus
1142 2147 1258 2230 Collega

104 2235 210 2296 within
233 2236 282 2296 tlte
304 2235 374 2296 citie
397 2229 462 2296 ond
485 2231 659 2315 University
681 2234 720 2313 of
742 2228 871 2312 Oaford,
891 2234 930 2313 (ff
950 2231 1052 2307 Quaen
1070 2229 1257 2297 Elisabeth&

94 2321 296 2402 foundation,
328 2340 436 2381 nuncu
461 2325 563 2395 atum,
589 2325 622 2379 et
645 2315 859 2378 inhonorem
883 2315 1056 2384 servatoris
1080 2315 1257 2381 etmedia-

106 2404 186 2467 toris
203 2402 303 2466 nostri
318 2403 339 2465 J
342 2424 399 2465 esu
414 2339 549 2479 clristi,
564 2401 654 2464 unici
670 2398 747 2464 Filii
764 2397 840 2479 Dei,
852 2400 1038 2476 fundatum,
1054 2403 1207 2469 consistat
1222 2403 1256 2466 in

105 2497 140 2552 et
155 2486 196 2550 de
210 2508 347 2550 numero
363 2486 460 2551 unius
475 2486 583 2550 Princi
608 2486 680 2566 alis,
689 2484 850 2550 sexdecim
868 2487 1044 2567 Sociorum,
1053 2499 1088 2552 et
1094 2488 1255 2555 sexdecim
1268 2519 1419 2566 Numisios

103 2571 296 2636 scholarium
309 2597 317 2648 ;
343 2573 402 2657 qui
426 2595 536 2636 omnes
560 2510 772 2671 pliilosophiae
786 2581 820 2635 et
836 2571 1007 2660 theologiae
1025 2572 1144 2651 studio,
1155 2579 1255 2662 juxta
1267 2578 1428 2625 Fellowsand

104 2658 325 2723 ordinationes
334 2657 452 2722 horum
463 2668 671 2737 statutorum,
681 2658 868 2725 incumbere
884 2668 1038 2738 tenentur
1048 2683 1057 2735 ς
1069 2670 1103 2724 et
1118 2658 1160 2728 de
1172 2670 1254 2723 tem·
1266 2637 1382 2684 ⁸⁰¹¹⁰¹⁰¹⁸·

104 2765 183 2892 pore
198 2744 232 2807 in
249 2755 389 2843 tempus,
405 2743 583 2808 secundum
599 2752 741 2808 mentem
766 2753 800 2806 et
822 2738 959 2807 formam
982 2743 1170 2823 eorundem,
1195 2745 1254 2809 ubi

117 2854 194 2894 ocus
217 2831 341 2915 aliqms
355 2852 471 2894 vacare
490 2829 676 2917 contigerit,
692 2851 819 2893 summa
834 2851 907 2893 cum
922 2830 1205 2916 circumspectione
1220 2840 1255 2895 ot

103 2939 183 2980 cura
196 2916 368 3002 eligentur.
402 2912 636 2988 Nihilominus,
651 2916 679 2979 si
695 2911 755 3002 qui
768 2915 803 2982 in
819 2914 967 2979 futurum
978 2915 1042 2979 viri
1056 2925 1254 3001 praestantes
1266 2947 1353 2992 cover
1362 2948 1388 2992 ω
1397 2959 1437 2993 aa·

105 3011 163 3065 aut
173 3002 327 3082 foeminae,
338 3002 458 3087 spiritu
468 3003 534 3088 piae
546 3002 726 3067 devotionis
741 3001 844 3081 ducti,
856 3021 1043 3065 communes
1059 3013 1119 3066 aut
1135 3002 1254 3066 salaria
1266 3009 1322 3110 πεῖ
1331 3018 1445 3108 magm-
1466 3071 1470 3077 ⁴

105 3085 283 3151 eorundem
308 3110 439 3173 augere,
458 3098 516 3152 aut
536 3088 627 3152 aliud
644 3089 793 3234 guodcun
818 3110 860 3151 ue
887 3087 1079 3151 beneficium
1103 3088 1138 3150 in
1158 3088 1254 3152 colle*
1266 3069 1445 3170 mmm

104 3174 205 3260 gium,
216 3172 324 3236 Socios
334 3173 385 3236 vel
399 3173 558 3238 scholares
573 3175 643 3256 ejus
668 3195 731 3251 em,
741 3111 883 3237 conlerre
895 3173 1068 3251 voluerint,
1079 3172 1255 3239 dummodo

105 3258 292 3323 redditibus
306 3268 365 3321 aut
380 3259 474 3322 bonis
488 3257 600 3322 adhoc
611 3256 848 3322 sufficientibus
870 3258 1064 3344 praedictum
1081 3255 1255 3358 collegium

103 3344 297 3423 dotaverint,
322 3344 368 3407 eis
405 3344 555 3408 omnibus
583 3343 775 3407 facultatem
807 3343 1012 3409 concedimus
1042 3346 1087 3410 sic
1114 3346 1256 3411 faciendi

104 3430 287 3517 specialem,
317 3438 489 3516 totumque
517 3429 602 3494 illud
628 3428 717 3513 quod
749 3430 792 3492 ab
821 3422 1010 3517 hujusmodi
1038 3432 1191 3496 omnibus
1222 3433 1256 3496 in

103 3517 278 3603 praedictos
298 3539 376 3580 usus
394 3515 584 3593 conferetur,
601 3538 674 3579 cum
692 3514 874 3601 gratiarum
889 3518 1013 3582 actione
1036 3528 1255 3604 acceptamus,

105 3615 140 3668 et
154 3605 215 3667 sub
229 3601 271 3664 iis
285 3597 525 3667 conditionibus
539 3624 559 3665 a
574 3601 752 3688 Principali
767 3611 799 3665 et
811 3602 910 3666 Sociis
923 3604 1084 3690 acceptari
1094 3598 1254 3684 volumus,

105 3711 187 3775 quas
217 3688 251 3750 in
274 3697 399 3752 statuto
434 3688 475 3752 de
506 3687 773 3774 augmentatione
796 3686 972 3752 fundorum
1000 3712 1036 3753 ac
1065 3689 1255 3755 reddituum

103 3773 343 3861 assignabimus
358 3797 418 3840 seu
431 3774 687 3860 praescribemus.

432 3931 560 3996 2.-De
573 3926 709 3996 electione
721 3930 927 4016 Principalis.

151 4053 312 4126 Quoniam
346 4077 430 4126 eum,
461 4054 522 4139 qui
552 4055 678 4118 caeteris
708 4070 845 4141 pracesse
874 4054 1025 4133 voluerit,
1056 4055 1452 4136 omnimodmomnnanom

105 4140 284 4224 praesertim
307 4162 432 4204 morum
454 4141 645 4226 integritate
669 4150 703 4204 ct
724 4140 933 4227 gubernandi
952 4141 1081 4226 peritia,
1098 4152 1256 4227 praestare
1267 4140 1439 4245 fprtporrrn-

106 4245 125 4287 o
152 4235 256 4298 ortet;
284 4226 404 4290 idcirco
427 4229 613 4305 statuimus,
639 4226 829 4290 ordinamus
848 4237 882 4290 et
906 4228 1067 4304 volumus,
1083 4237 1122 4290 ut
1145 4211 1340 4292 nullua⁰¹³⁸'

107 4248 249 4395 eligatur
270 4312 465 4398 Principalis
492 4312 573 4378 dicti
595 4313 729 4398 collegii,
752 4314 815 4377 nisi
841 4312 901 4400 qui
923 4314 967 4376 sit
990 4313 1042 4378 vir
1062 4313 1155 4379 bona
1180 4336 1256 4378 con·

106 4396 300 4460 versationis
314 4407 350 4461 et
363 4397 515 4477 honestae,
526 4399 713 4568 moniarii
727 4400 821 4465 bonis
835 4398 981 4463 moribus
995 4399 1206 4485 approbatus,
1221 4409 1257 4465 et
1356 4468 1360 4473 ,

646 4487 658 4548 l
687 4532 693 4544 .
1060 4506 1080 4549 o
1103 4488 1122 4550 2
