3022 4874
152 306 156 317 ·
176 260 220 329 24
560 269 653 331 Jesua
671 266 798 352 Colteye,
819 265 946 351 Osford.

178 466 219 508 ex
233 455 322 510 certa
335 443 470 508 scientia
486 452 521 507 et
534 465 624 509 mero
639 453 730 508 motu
745 443 874 521 nostris,
891 442 1042 507 dedimus
1060 451 1095 506 et
1109 440 1334 520 concessimus,

178 538 221 608 et,
245 552 304 628 pro
329 530 431 608 nobis,
447 529 635 594 haeredibus
649 540 684 594 et
709 529 943 594 successoribus
966 527 1095 606 nostris,
1115 538 1276 610 quantum
1299 528 1334 591 in

177 615 272 679 nobis
302 626 362 695 est,
392 637 452 702 per
486 627 665 701 praesentes
702 615 913 694 concedimus,
945 625 980 680 et
1014 612 1180 678 licentiam
1216 613 1335 678 damus

177 701 359 785 specialem,
379 701 559 785 cuicunque
574 724 722 788 personae
736 703 806 767 sive
816 702 996 786 quibusoun
1022 723 1064 764 ue
1074 699 1230 785 personis,
1242 699 1333 787 quod

177 786 248 872 ipsi,
275 787 429 863 haeredes,
455 799 644 854 executores
668 798 703 853 et
729 789 886 872 assignati
908 788 969 866 sui,
996 723 1148 865 dominia,
1177 786 1333 864 maneria,

177 883 290 952 terras,
305 883 501 954 tenementa,
517 874 675 954 redditus,
691 877 897 952 reversiones,
914 873 1057 952 servitia,
1071 872 1233 950 rectoriae,
1253 895 1335 958 perr-

176 958 289 1038 siones‚
304 961 478 1047 portiones,
501 961 696 1040 annuitateS,
712 971 747 1025 et
768 959 952 1025 omnimoda
974 959 1040 1024 alia
1063 958 1335 1023 haereditamenta

177 1054 213 1108 et
235 1047 449 1129 possessiones
473 1068 683 1130 quaecunque,
700 1057 771 1110 tam
795 1046 982 1131 spiritualia
1006 1069 1106 1132 quam
1126 1055 1193 1110 tem
1238 1045 1331 1123 ralia,

177 1152 241 1195 non
256 1132 447 1198 excedentia
464 1133 498 1196 in
513 1142 583 1198 toto
598 1133 772 1197 annualem
782 1133 925 1197 valorem
937 1131 1198 1196 sexcentarumli
1221 1153 1332 1195 rarum

177 1239 237 1301 per
261 1240 391 1299 anuum,
406 1220 495 1284 ultra
519 1219 627 1284 omnia
650 1241 749 1283 onera
771 1229 807 1283 et
832 1219 981 1304 reprisas,
1004 1227 1073 1282 tam
1097 1217 1138 1281 de
1161 1216 1255 1281 feodo
1273 1239 1332 1280 suo

176 1304 310 1451 proprio
333 1327 430 1389 quarn
454 1305 570 1385 alieno,
586 1305 762 1369 dummodo
786 1327 852 1368 non
868 1314 1043 1369 teneantur
1058 1304 1098 1367 de
1112 1304 1214 1381 nobis,
1230 1302 1332 1367 haere·

125 1417 129 1425 ·
200 1389 273 1454 ibus
288 1401 321 1455 et
337 1393 574 1456 successoribus
589 1393 713 1470 nostris,
729 1390 917 1455 immediate
933 1392 967 1455 in
980 1389 1147 1476 capitevel
1160 1411 1221 1474 per
1230 1389 1332 1452 servi-

177 1474 261 1539 tium
271 1476 423 1556 militare,
432 1488 492 1541 aut
502 1478 545 1542 de
554 1478 664 1562 aliquo
675 1478 739 1541 alio
749 1478 816 1542 sive
826 1477 990 1560 aliquibus
1001 1477 1074 1541 aliis
1090 1499 1149 1563 per
1161 1475 1332 1539 servitium

177 1561 330 1637 militare,
340 1563 488 1648 praefatis
496 1564 790 1650 Principali,Sociis
800 1563 1048 1642 etscholaribus,
1058 1573 1093 1628 et
1101 1562 1332 1626 successoribus

176 1647 253 1727 suia,
266 1649 352 1728 dare,
369 1649 542 1714 concedere
558 1673 616 1714 seu
636 1651 757 1736 legare,
773 1650 898 1736 possint
912 1659 973 1714 aut
987 1650 1126 1727 valeant,
1143 1648 1198 1712 vel
1220 1670 1332 1712 eorum

176 1734 295 1817 aliquis
311 1737 412 1820 possit
426 1758 485 1799 seu
500 1735 629 1800 valeat:
646 1735 808 1814 habenda,
819 1735 960 1800 tenenda
970 1746 1004 1800 et
1015 1734 1199 1822 gaudenda,
1210 1734 1332 1798 eisdem

177 1819 364 1905 Principali,
387 1821 486 1886 Sociis
510 1832 545 1886 et
567 1821 775 1900 scholaribus,
800 1834 834 1887 et
858 1822 1096 1887 successoribus
1117 1820 1194 1898 suis,
1210 1820 1332 1906 imper-

176 1915 323 1990 petuum.
377 1908 423 1970 Et
450 1907 573 1972 eisdem
605 1908 793 1994 Principali,
817 1907 917 1973 Sociis
946 1918 981 1973 et
1009 1906 1218 1982 scholaribus,
1243 1905 1331 1987 quod

175 1991 240 2076 ipsi
263 1994 417 2072 maneria,
432 2004 546 2074 terrae,
561 2005 761 2074 tenementa,
777 1994 937 2072 redditus,
955 1992 1163 2070 reversiones,
1186 1991 1329 2069 servitia,

141 2141 146 2148 ,
174 2079 340 2157 rectoriae,
355 2080 532 2166 pensiones
550 2081 724 2167 portiones,
740 2081 925 2145 annuitates
949 2090 982 2144 et
1005 2079 1113 2142 omnia
1136 2076 1204 2139 alia
1226 2076 1331 2141 haere-

174 2162 356 2230 ditamenta
379 2177 413 2231 et
438 2167 653 2252 possessiones
679 2189 892 2251 quaecunque,
922 2188 995 2250 quae
1020 2187 1085 2229 non
1109 2172 1263 2228 tenentur
1289 2162 1330 2227 de

173 2252 278 2330 nobis,
294 2251 482 2317 haeredibus
496 2264 531 2318 et
546 2254 784 2318 successoribus
798 2252 924 2332 nostris,
946 2251 1135 2316 immediate
1157 2251 1192 2313 in
1211 2250 1329 2348 capite,

174 2336 228 2401 vel
250 2359 310 2421 per
333 2340 503 2403 servitium
526 2341 679 2420 militare,
701 2351 760 2405 aut
783 2340 825 2404 de
848 2339 958 2422 aliquo
981 2338 1047 2402 alio
1073 2338 1140 2402 sive
1164 2336 1330 2418 aliquibus

174 2422 248 2485 aliis
262 2444 323 2506 per
337 2424 506 2489 servitium
520 2426 674 2500 militare,
689 2449 754 2490 non
769 2425 959 2490 excedentia
973 2423 1167 2523 praedictum
1185 2423 1329 2487 valorem

173 2520 392 2572 sexcentarum
404 2509 566 2574 librarum
580 2535 639 2598 per
654 2534 776 2576 annum
791 2512 881 2577 ultra
895 2533 1004 2575 omnia
1019 2532 1117 2575 onera
1133 2519 1167 2574 et
1180 2509 1328 2595 reprisas,

174 2617 194 2656 a
208 2616 399 2677 quacunque
415 2606 450 2659 et
465 2597 712 2681 quibuscunque
723 2599 877 2683 personia,
893 2620 932 2662 ea
943 2597 990 2661 eis
1001 2597 1081 2661 dare
1094 2597 1146 2660 vel
1158 2595 1329 2659 concedere

174 2680 297 2745 volenti
320 2694 378 2744 aut
399 2682 596 2762 volentibus,
612 2685 757 2770 accipere
778 2684 903 2768 possint
927 2693 962 2748 et
985 2697 1096 2748 tenere
1117 2682 1181 2746 sibi
1204 2692 1238 2745 et
1261 2703 1329 2744 suc-

172 2767 354 2832 cessoribus
368 2767 445 2847 suis,
461 2782 569 2833 tenore
584 2770 798 2856 praesentium
817 2769 967 2833 similiter
988 2768 1153 2834 licentiam
1169 2766 1328 2844 dedimus,

173 2875 210 2916 ac
232 2876 292 2940 per
313 2866 492 2941 praesentes
516 2855 632 2920 damus
655 2866 690 2921 et
713 2856 935 2930 concedimus;
966 2863 1091 2918 statuto
1114 2852 1156 2917 de
1179 2851 1276 2916 terris
1292 2862 1327 2915 et

174 2939 371 3005 tenementis
386 2941 429 3005 ad
443 2964 576 3006 manum
591 2952 753 3006 mortuam
774 2964 838 3005 non
864 2940 1031 3025 ponendia,
1046 2947 1107 3002 aut
1130 2936 1240 3021 aliquo
1264 2936 1328 3001 alio

172 3036 308 3105 statuto,
331 3037 417 3106 actu,
438 3028 650 3106 ordinatione,
673 3027 856 3113 provisione
877 3026 945 3090 sive
963 3025 1175 3109 restrictione,
1199 3024 1233 3086 in
1255 3045 1328 3088 con·

173 3112 311 3177 trarium
333 3113 429 3192 facto,
451 3112 540 3178 edito
562 3136 621 3178 seu
646 3113 784 3199 proviso,
801 3121 860 3176 aut
883 3112 995 3195 aliqua
1018 3110 1146 3189 aliare,
1162 3111 1328 3175 causavel

173 3199 312 3262 materia
334 3221 536 3288 quacunque,
557 3201 592 3264 in
615 3199 725 3284 aliquo
750 3221 816 3264 non
840 3199 1001 3263 obstante.
1046 3197 1096 3264 Et
1121 3197 1179 3261 hoc
1204 3197 1328 3280 absque

173 3285 285 3367 aliqua
299 3285 509 3370 inquisitione
524 3287 591 3351 sive
607 3287 775 3387 aliquibus
796 3285 1059 3370 inquisitionibus
1073 3284 1150 3348 inde
1165 3293 1328 3370 praetextu

173 3371 312 3521 alicujus
326 3372 434 3435 brevis
448 3372 519 3437 sive
533 3372 681 3438 mandatr
695 3375 806 3453 nostri,
822 3383 881 3437 aut
895 3371 1082 3458 aliquorum
1105 3371 1255 3435 brevium
1269 3389 1327 3430 seu

173 3478 249 3519 man
273 3466 401 3520 atorum
415 3468 607 3538 nostrorum,
625 3471 685 3525 aut
699 3459 868 3524 haeredum
887 3458 940 3521 vel
963 3476 1180 3520 successorum
1201 3461 1326 3515 nostro-

173 3565 257 3617 rum,
265 3541 306 3606 de
322 3548 341 3577 ‘¹
351 3542 408 3606 Ad
421 3543 511 3628 quod
520 3543 729 3631 dampnum‚”
745 3569 804 3610 seu
814 3545 952 3629 alicujus
962 3541 1096 3604 alterius
1107 3537 1327 3615 brevis,man-

173 3627 245 3691 dati
253 3649 311 3690 seu
322 3629 897 3714 praeceptinostri,authaeredumvel
905 3647 1122 3691 successorum
1132 3631 1326 3696 nostrorum,

172 3714 205 3776 io
218 3735 258 3777 ea
272 3723 367 3797 parte
378 3714 485 3793 fiendi,
495 3717 716 3801 prosequendi
730 3739 788 3780 seu
803 3713 953 3790 habendi,
965 3721 1027 3775 aut
1039 3710 1074 3775 in
1089 3708 1326 3776 Caucellariam

172 3808 327 3878 nostram,
351 3799 518 3864 haeredum
543 3802 596 3864 vel
624 3823 842 3866 successorum
865 3808 1057 3874 nostrorum,
1084 3818 1142 3860 seu
1167 3794 1248 3858 alibi
1274 3817 1326 3857 re·

172 3883 341 3959 tornandi;
366 3896 399 3949 et
414 3886 537 3972 absque
551 3887 718 3973 aliquibus
733 3886 806 3949 aliis
821 3884 926 3949 literis
935 3882 1054 3946 nostris
1066 3880 1256 3966 patentibus
1268 3903 1327 3944 seu

170 3971 337 4034 warrantis
348 3972 478 4049 nostris,
488 3982 547 4036 aut
556 3971 725 4037 haeredum
738 3971 790 4035 vel
801 3990 1018 4033 successorum
1027 3977 1219 4045 nostrorum,
1230 3966 1282 4046 de,
1292 3968 1327 4030 in

171 4058 239 4121 sive
279 4077 325 4134 ro,
341 4056 516 4143 praemissis
537 4058 591 4123 vel
607 4058 715 4141 aliquo
732 4054 981 4141 praemissorum,
999 4051 1209 4136 quovismodo
1224 4052 1326 4138 impe·

171 4080 306 4221 trandis,
322 4140 478 4206 habendis
501 4167 559 4208 seu
577 4142 700 4207 fiendis.
753 4140 935 4225 Aliquibus
959 4139 1104 4217 statutis,
1121 4138 1246 4203 actibus
1266 4161 1326 4202 seu

171 4228 443 4302 ordinationibus,
460 4229 535 4292 inde
550 4227 780 4292 incontrarium
795 4224 934 4291 antehac
948 4224 1082 4303 habitis,
1100 4225 1202 4304 factis,
1218 4224 1326 4299 editis,

171 4315 333 4381 ordinatis
348 4336 406 4379 seu
416 4315 565 4400 provisis,
575 4314 609 4376 in
622 4313 733 4399 aliquo
743 4312 1032 4376 nonobstantibus.
1065 4311 1222 4376 Nolentes
1238 4309 1327 4396 quod

169 4401 321 4486 praedicti
341 4399 544 4486 Principalis,
560 4399 642 4464 Socii
659 4411 693 4464 et
714 4399 883 4478 scholares,
899 4399 953 4463 vel
971 4421 1167 4463 successores
1190 4399 1250 4467 sui,
1267 4406 1327 4460 aut

170 4487 283 4574 aliqua
297 4489 362 4556 alia
376 4509 515 4575 persona
530 4485 584 4552 vel
598 4509 742 4576 personae
764 4486 1018 4574 praenominatae,
1037 4485 1162 4551 ratione
1179 4484 1329 4573 praemis-
