3022 4874
238 108 282 171 48
523 107 659 171 Stotutes
673 106 713 186 of
720 106 813 166 Jeme
832 102 961 189 Colleqe,
980 103 1109 187 offord.

237 268 332 347 tium,
349 268 478 333 tamdiu
492 266 641 332 convictu
655 289 715 330 suo
731 263 922 349 quotidiano
931 265 1080 351 privetur
1092 264 1194 330 donec
1205 285 1244 329 se
1253 286 1402 330 correxe-

239 356 302 423 rit:
323 354 398 418 etsi
413 355 445 417 iu
461 353 635 438 praemissis
644 352 697 416 vel
708 374 822 416 corum
832 351 943 435 aliquo
958 352 1055 416 tertia
1064 352 1134 416 vice
1148 351 1338 438 negligens
1352 362 1404 416 aut

239 440 418 526 culpabilis
432 441 473 503 de
498 439 651 504 rehensus
665 439 738 515 erit,
749 438 802 500 vol
808 461 900 500 umus
910 448 944 502 et
958 438 1146 502 ordinamus
1162 448 1201 503 ut
1217 437 1332 502 officio
1340 461 1402 512 suo,

240 549 299 612 per
323 463 539 611 Principalem
565 535 599 589 et
621 530 777 609 maj0rem
792 533 919 609 partem
935 525 1102 588 Sociorum
1118 525 1152 587 in
1168 523 1404 589 Universitate

239 612 459 698 praesentium,
476 620 689 686 amoveatur;
703 610 880 674 numeratis
895 632 957 696 per
970 632 1046 675 eum
1061 620 1236 695 praeterea,
1249 609 1300 675 ad
1311 632 1405 675 usum

239 697 385 848 ejpisiqui
400 698 504 785 ipsius
518 698 588 764 looo
602 696 646 763 ad
660 697 785 762 dictum
800 696 941 762 officium
956 697 1102 782 proxime
1111 697 1270 784 eligetur,
1282 696 1406 784 viginti

239 806 276 849 so
340 807 365 848 s.

343 939 578 1026 9.—Inquibas
595 939 690 1017 Socii,
706 940 855 1003 scholares
869 950 897 1003 et
914 939 1023 1013 ceteri,
1038 938 1162 1002 debeam
1172 937 1299 1002 obedire

559 1026 741 1109 Principali
754 1036 783 1089 et
808 1025 1052 1110 chpamipali.
1357 1042 1362 1049 '

240 1135 339 1200 Sscr.
356 1134 529 1215 2.-Item,
545 1133 732 1214 statuimus,
751 1133 937 1198 ordinamus
957 1141 991 1198 et
1008 1132 1167 1211 volumus,
1184 1132 1278 1216 quod
1291 1156 1406 1200 omnes

241 1231 275 1286 et
288 1220 412 1308 singuli
426 1223 522 1298 Socii,
539 1219 708 1292 scholares,
722 1219 867 1284 officiarii
884 1229 918 1285 et
937 1219 1091 1300 ministri,
1107 1218 1187 1284 dicti
1202 1219 1356 1306 collegii,
1370 1230 1404 1286 et

242 1307 503 1391 aliisquicunque
518 1307 643 1372 ibidem
667 1305 856 1378 existentes,
881 1306 1069 1391 Principali,
1084 1305 1142 1390 qui
1166 1326 1227 1390 pro
1249 1314 1404 1390 tempore

244 1393 356 1472 fuerit,
372 1403 417 1465 et,
436 1416 475 1458 co
490 1394 636 1463 absente,
652 1392 906 1478 Viceprincipali
924 1392 1072 1478 ejusdem
1087 1390 1227 1476 collegii,
1241 1390 1278 1454 in
1294 1391 1404 1456 omni·

246 1481 310 1544 bus
320 1479 420 1545 licitis
430 1489 465 1544 et
476 1479 619 1544 honestis
628 1477 793 1543 mandatis
808 1489 843 1543 et
858 1478 1112 1564 injunctionibus
1127 1477 1192 1541 sint
1205 1476 1403 1543 obedientes

33 1577 207 1652 Panaroafor
247 1566 459 1630 cumeffectu.
491 1567 526 1631 Si
537 1567 609 1648 quis
619 1587 697 1630 vero
706 1565 740 1629 in
749 1565 921 1651 praemissis
934 1564 996 1648 [vel
1005 1586 1115 1629 eorum
1125 1562 1251 1648 aliquo]
1264 1564 1404 1628 rebellis

32 1639 236 1742 {apomelnceto
247 1650 302 1715 vel
324 1650 514 1715 inobediens
528 1650 628 1714 fuerit
641 1659 801 1735 repertus,
817 1673 874 1734 per
889 1650 1084 1715 evidentiam
1110 1650 1198 1727 facti,
1216 1670 1279 1734 per
1302 1660 1405 1714 testes

34 1710 225 1814 vihhhllhclqht
241 1742 382 1822 juratos,
400 1744 460 1798 aut
482 1758 542 1834 per
566 1735 797 1800 confessionem
819 1736 984 1821 propriam
1009 1759 1116 1800 coram
1143 1735 1251 1798 Princi
1276 1735 1323 1799 ali
1349 1735 1405 1800 vel

251 1821 509 1907 Viceprincipah,
549 1820 700 1884 volumus
736 1820 823 1904 quod
852 1843 910 1885 sex
940 1821 1052 1885 solidis
1082 1831 1116 1886 et
1152 1830 1224 1886 octo
1251 1757 1403 1886 denonis

246 1907 468 1972 mulctabitur.
499 1905 733 1985 Nihilominus,
769 1906 798 1970 si
837 1906 926 1970 ultra
955 1917 1022 1973 tres
1051 1907 1120 1972 dies
1148 1907 1182 1971 in
1209 1906 1404 1993 hujusmodi

245 1993 425 2059 rebellione
439 1993 493 2057 vel
513 1991 736 2057 inobedientia
754 1991 990 2078 perduraverit,
1011 2015 1053 2058 ex
1077 2004 1153 2058 tunc
1175 1993 1248 2079 ipso
1269 1993 1360 2060 facto
1381 2016 1403 2059 a

248 2080 337 2145 dicto
359 2079 497 2166 collegio
527 2079 571 2142 sit
599 2078 762 2164 expulsus.
808 2078 1008 2158 Statuimus,
1034 2091 1203 2167 praeterea,
1235 2079 1325 2163 quod
1356 2078 1402 2145 ad

248 2166 451 2231 vocationem
469 2165 667 2251 Principalis
690 2164 743 2228 vel
766 2163 1033 2252 Viceprincipalis
1056 2166 1196 2249 quilibet
1222 2165 1337 2230 Socius
1366 2175 1402 2231 et

249 2251 401 2315 scholaris
421 2251 500 2316 dicti
518 2251 648 2338 collegii
666 2261 794 2315 mature
820 2252 949 2328 veniat3
975 2263 1010 2317 et
1034 2251 1122 2335 quod
1144 2251 1255 2315 nullus
1285 2273 1401 2317 eorum

250 2335 429 2421 Principali
448 2337 502 2400 vel
525 2337 776 2422 Viceprincipali
793 2337 933 2417 resistat,
958 2337 1038 2421 quin
1055 2338 1180 2402 habeat
1200 2336 1401 2424 Principalis

249 2421 392 2486 liberum
401 2422 574 2486 introitum
585 2423 620 2486 in
631 2445 856 2507 quemcunque
864 2424 970 2487 locum
981 2423 1061 2488 dicti
1072 2423 1215 2510 collegii,
1226 2424 1288 2487 sub
1297 2445 1401 2509 poena

249 2506 450 2595 expulsionis
463 2509 505 2574 ab
519 2507 635 2572 eodem
651 2507 804 2594 collegi03
829 2509 891 2573 nisi
907 2515 978 2595 ejus
992 2531 1090 2573 causa
1103 2532 1164 2596 per
1178 2509 1401 2596 Principalem

251 2604 286 2659 et
314 2594 420 2660 Socios
473 2593 638 2674 raduatos,
664 2594 718 2658 vel
743 2599 901 2680 majorem
930 2605 1058 2681 partem
1085 2594 1273 2672 eorundem,
1298 2595 1402 2660 fuerit

36 2681 239 2754 romi-torrin—
250 2681 442 2780 approbata.
449 2617 633 2760 gVolumus,
644 2679 755 2760 etiam,
764 2680 853 2764 quod
862 2681 1054 2767 Principalis
1069 2682 1120 2747 vel
1131 2681 1315 2767 Viceprinci
1340 2682 1402 2746 alis

34 2742 240 2860 {ffliffim
252 2765 334 2831 dicti
371 2767 510 2853 collegii,
543 2790 616 2831 cum
645 2788 804 2831 consensu
839 2768 980 2831 censoris
1013 2766 1240 2854 philosopbiae,
1273 2767 1318 2831 ha
1366 2778 1403 2834 at

35 2858 147 2963 prohibit
156 2859 211 2906 sa-
251 2863 450 2939 potestatem
464 2851 633 2917 inhibendi
648 2852 890 2939 etprohibendi
904 2875 1130 2937 quemcunque
1142 2853 1320 2918 scholarem
1333 2876 1402 2918 non

35 2916 171 3034 ,Jffi’gm
252 2939 461 3025 graduatum,
479 2939 607 3002 Sosium
623 2938 678 3003 vel
690 2960 757 3002 non
772 2939 910 3012 Socium,
927 2941 970 3004 ab
990 2939 1024 3003 in
1049 2961 1139 3004 ressu
1159 2939 1274 3004 domus
1288 2946 1403 3026 eujus·
1431 2972 1440 2977 ·

34 3032 163 3080 housesof
251 3046 379 3108 cunque
401 3024 478 3088 laici
501 3034 535 3088 et
556 3023 725 3089 domorum
750 3047 1016 3109 quorumcunque
1063 3025 1185 3090 icorum
1208 3026 1293 3089 infra
1315 3048 1405 3124 prae·

35 3092 143 3152 aynan.
250 3110 391 3175 cinctum
424 3109 677 3188 Universitatis3
713 3132 809 3193 quam
843 3111 1034 3176 facultatem
1069 3112 1170 3176 etiam
1197 3111 1406 3176 concedmus

253 3196 440 3296 Principali,
473 3197 536 3275 vel,
577 3218 616 3260 eo
652 3197 797 3274 absente,
828 3197 1095 3285 Viceprincipali‚
1131 3220 1205 3263 cum
1242 3219 1404 3262 consensu

252 3304 394 3346 censoris
420 3281 587 3361 antedicti,
617 3305 718 3369 supra
747 3283 978 3348 baccalaureos
1007 3305 1116 3348 omnes
1150 3282 1230 3346 dicti
1258 3281 1402 3364 collegii,

251 3367 507 3453 quotiescunque
521 3367 585 3430 sibi
601 3368 767 3433 videbitur
782 3391 802 3432 o
824 3380 1019 3455 portunum:
1033 3376 1077 3446 et,
1092 3368 1125 3429 in
1141 3387 1237 3428 causa
1252 3366 1402 3447 urgenti,

251 3451 448 3517 consimilem
462 3460 660 3538 potestatem
679 3453 785 3520 eidem
802 3393 990 3541 Principali,
1015 3451 1069 3515 vel
1091 3445 1342 3535 Viceprincipali
1364 3448 1401 3513 in

250 3537 398 3602 absentia
436 3538 640 3624 Principalis,
671 3561 744 3603 oum
779 3563 934 3606 consensu
975 3534 1187 3602 moderatoris
1216 3533 1402 3620 theologiae,

250 3646 351 3723 super
368 3625 555 3712 Magistros,
572 3624 705 3689 concedi
720 3626 873 3692 volumus
893 3637 928 3693 et
944 3623 1159 3690 decernimus.
1203 3622 1405 3703 Statuentes,

37 3719 239 3780 waningalons·
252 3720 363 3790 et1am,
373 3711 461 3797 quod
473 3711 585 3775 nullus
599 3711 753 3775 scholaris
768 3736 832 3778 non
846 3713 1031 3799 graduatus
1045 3710 1127 3776 dicti
1141 3709 1283 3798 collegii,
1291 3707 1404 3774 socius

252 3796 308 3861 vel
329 3818 395 3860 non
413 3797 534 3877 Sosius,
551 3798 711 3883 (exceptis
727 3800 930 3886 pauperibus
947 3797 1150 3864 scholaribus
1170 3794 1405 3884 servientibus)

251 3905 270 3946 e
286 3882 423 3970 collegio
435 3884 472 3948 in
486 3882 656 3969 publicum
671 3884 863 3970 egrediatur
877 3885 945 3950 sine
960 3894 1046 3950 teste
1058 3884 1308 3949 conversationis
1326 3904 1406 3963 suae,

251 3991 348 4051 quem
369 3993 477 4034 secum
500 3969 680 4042 adhibebit,
698 3979 731 4034 et
747 3972 843 4036 venia
856 3970 949 4057 prius
964 3970 1103 4034 obtenta
1117 3992 1137 4032 a
1151 3967 1333 4052 Principali
1348 3989 1408 4032 seu

250 4055 511 4144 Viceprincipali‚
526 4057 589 4120 sub
604 4079 706 4144 poena
721 4057 864 4129 duorum
881 4054 1059 4120 solidorum
1085 4054 1138 4121 vel
1160 4053 1234 4123 aliae
1256 4053 1408 4115 conveni-

247 4141 335 4211 entis
348 4143 567 4229 correptionis,
