3022 4874
678 277 817 362 (5)

404 661 847 838 Pn'rnursji'encn.
867 741 898 813 p.
923 716 952 788 1,
972 742 1017 789 m.
1040 713 1094 788 re.

174 883 225 950 Dr
250 890 428 952 concessione
452 913 512 974 pro
538 889 667 952 Princi-
716 870 864 970 Hebrus,
891 888 959 965 dcc,
984 887 1137 951 omnibus
1158 884 1210 968 ‚ad
1237 902 1326 970 quos,

168 974 247 1056 poli,
279 973 379 1037 Sociis
408 988 436 1037 ct
471 977 665 1053 scholaribus,
718 973 941 1064 &assgtlbtem
966 973 1081 1039 Sciatis
1091 971 1178 1057 quod
1188 994 1255 1041 nos,
1267 973 1328 1037 im·

170 1058 263 1121 Jesas
282 1060 410 1142 Collegit
428 1062 562 1124 Oronice.
716 1058 1097 1137 mensa-Deibeneficia
1122 1079 1202 1145 erga
1222 1080 1279 1122 nos
1294 1066 1328 1123 et

170 1163 309 1230 regnum
323 1155 469 1208 nostrum
489 1144 620 1232 Angliae
643 1146 830 1224 recolentes,
851 1141 1130 1231 qa1.d'mturnam‚
1147 1144 1326 1230 pacificam,

170 1230 323 1312 omnique
338 1231 557 1316 prosperitate
579 1232 757 1311 florentem,
781 1234 825 1295 sic
849 1233 883 1294 in
907 1221 1234 1328 bellu-gloriossimis
1252 1252 1327 1293 suc-

170 1314 315 1378 cessibus
343 1317 383 1379 de
418 1318 527 1402 gratia
557 1327 719 1404 perpetuo
750 1319 931 1393 transactis,
961 1317 1074 1416 liujus.
1088 1315 1184 1400 pegni
1221 1311 1328 1379 nostri

173 1399 306 1487 Angliae
324 1402 596 1487 gubernationem
619 1405 713 1467 nobis
737 1406 901 1481 concessit,
928 1407 1111 1502 pracsertim
1132 1423 1216 1477 ‚vero
1239 1401 1328 1484 quod

171 1485 214 1547 ad
237 1487 397 1550 sinceram
420 1489 596 1552 veritatem
623 1489 819 1552 Christianae
845 1489 1011 1574 relig1onis
1035 1489 1080 1551 iu·
1094 1488 1195 1578 pc'g‘nn
1218 1497 1327 1551 nostro

170 1571 369 1635 afferendam
387 1585 420 1636 ct
438 1575 725 1659 propugnandam,
749 1587 783 1638 et
808 1596 881 1637 cum
906 1584 1019 1638 contra
1038 1566 1327 1659 illicitas‘ei'rormi·

172 1665 257 1719 tates
272 1680 309 1720 ac
324 1658 463 1722 nefarios
488 1661 619 1738 abusus
648 1670 718 1723 tum
742 1670 853 1724 contra
874 1659 1098 1725 haereticorum
1114 1645 1276 1746 maligpas
1292 1668 1326 1722 et

171 1743 342 1827 pestiferas
367 1745 567 1832 impietates,
592 1757 724 1810 strenue
751 1746 1000 1827 defendendam,
1017 1745 1178 1808 divinitus
1202 1744 1329 1838 aDes'r,
1345 1816 1354 1827 ι,

170 1829 204 1889 in
229 1829 325 1912 cujus
348 1850 447 1895 manu
468 1842 546 1896 sunt
562 1833 660 1896 corda
683 1853 808 1919 regum,
824 1833 979 1896 auxiliati
1003 1842 1038 1896 et
1063 1831 1170 1916 adjuti
1191 1847 1365 1917 sumtum?ux

171 1935 212 1978 ne
235 1925 327 1980 tanta
350 1918 460 2004 gratia
475 1940 573 2002 quam
589 1917 622 1982 in
641 1942 699 1983 nos
722 1922 810 1983 Deus
826 1929 891 1982 tam
920 1918 1088 1982 affluenter
1104 1917 1258 2004 dignatus
1275 1922 1336 1981 est

170 2001 339 2066 effundere
356 2004 529 2068 videamur
552 2005 690 2089 indigni,
714 2005 783 2082 sed,
800 2004 1036 2091 gratitudinem
1060 2022 1121 2089 pro
1146 2003 1325 2089 praeteritis

171 2086 236 2151 Dei
261 2090 425 2154 beneficiis
444 2091 659 2169 declarantes
683 2111 774 2177 spem
799 2111 929 2176 quoque
953 2089 995 2153 de
1018 2090 1141 2152 futuris
1161 2089 1324 2152 confirme-

170 2194 255 2252 mus,
281 2174 324 2238 ad
350 2177 468 2240 summi
492 2187 526 2240 et
548 2178 783 2262 omnipotentis
810 2178 872 2240 Dei
896 2176 1033 2260 gloriam
1054 2185 1087 2238 ot
1104 2173 1265 2251 honorem,
1283 2173 1326 2238 ad

172 2259 372 2324 Christiauae
402 2273 436 2326 et
464 2263 597 2326 sincerae
621 2263 786 2349 religionis
815 2261 1100 2347 amplificationem
1130 2269 1166 2323 et
1196 2260 1323 2324 stabili-

170 2357 327 2424 mentum,
344 2346 386 2410 ad
402 2369 547 2410 errorum
565 2360 599 2411 et
618 2347 775 2410 falsarum
797 2348 1042 2432 persuasionum
1059 2345 1323 2432 extirpationem,

169 2431 213 2494 ad
244 2431 430 2517 augendum
460 2443 494 2497 et
525 2433 782 2496 continuandum
816 2433 952 2518 pietatis
982 2432 1115 2511 cultum,
1147 2432 1189 2495 ad
1221 2432 1325 2496 omnis

171 2518 300 2602 generis
323 2517 479 2580 bonarum
506 2519 675 2581 literarum
702 2519 910 2596 incrementa,
937 2518 979 2582 ad
1003 2518 1193 2604 linguarum
1216 2518 1324 2605 cogni·

172 2601 302 2678 tionem,
328 2601 370 2664 ad
392 2602 581 2684 juventutis
607 2603 639 2666 in
666 2605 790 2690 pietate
817 2615 851 2669 et
876 2605 1001 2668 virtute
1029 2627 1065 2668 ac
1093 2603 1262 2690 disciplina
1289 2615 1323 2668 et

170 2686 600 2766 scientiaeducationemad
610 2712 794 2776 pauperum
805 2700 839 2753 et
849 2691 962 2775 inopia
971 2691 1160 2754 afflictorum
1171 2689 1323 2753 subleva-

172 2773 303 2851 tionem,
316 2772 466 2858 denique,
480 2775 522 2839 ad
530 2775 687 2839 Ecclesiae
698 2775 832 2851 Christi,
847 2776 940 2861 regni
955 2776 1056 2840 nostri
1067 2798 1104 2838 ac
1118 2774 1324 2841 subditorum

170 2870 366 2937 nostrorum,
377 2882 577 2924 communem
592 2860 771 2926 utilitatem
784 2872 817 2926 et
827 2861 1025 2938 felicitatem,
1039 2860 1080 2923 de
1091 2861 1202 2947 gratia
1213 2871 1324 2926 nostra

170 2947 305 3032 speciali
330 2969 366 3010 ac
391 2969 432 3010 ex
457 2955 544 3011 corta
568 2947 702 3011 scientia
726 2958 760 3012 et
786 2969 876 3012 mero
900 2958 991 3011 motu
1018 2946 1144 3017 nostris,
1162 2946 1324 3030 quoddam

158 3032 343 3118 'collegium
384 3033 574 3097 eruditionis
621 3034 836 3114 scientiarum,
885 3033 1111 3120 philosophiae,
1162 3033 1322 3096 bonarum

170 3118 300 3196 artium,
328 3118 515 3206 linguarum
538 3119 725 3205 cognitionis
752 3119 938 3198 Hebraicae,
971 3121 1097 3183 Graecae
1123 3126 1158 3182 et
1181 3118 1322 3198 Latinae,

170 3203 214 3266 ad
239 3205 370 3268 finalem
399 3224 499 3268 saorae
523 3205 696 3292 theologiae
727 3207 968 3292 professionem,
1000 3205 1170 3292 perpetuis
1200 3205 1323 3269 futuris

171 3291 373 3374 temporibus
389 3290 588 3359 duraturam,
609 3292 643 3354 in
658 3292 733 3367 solo,
751 3292 863 3366 fundo,
888 3293 953 3357 situ
969 3303 1002 3356 et
1020 3291 1201 3378 praecinctu,
1217 3313 1324 3391 nuper

171 3374 271 3439 Aulae
282 3386 410 3445 nostrae,
422 3376 605 3461 vulgariter
614 3387 809 3463 nuncupatae
819 3377 1011 3449 Whitehall
1023 3394 1095 3441 cum
1105 3378 1321 3462 pertinemus,

169 3461 203 3524 in
219 3461 353 3526 civitate
371 3461 439 3525 sive
459 3463 546 3526 alma
566 3462 732 3526 academia
747 3463 816 3526 sive
832 3463 1058 3528 Universitate
1072 3473 1183 3527 nostra
1200 3464 1322 3529 Oxoni·

169 3548 246 3624 ensi,
276 3548 310 3611 in
347 3550 502 3612 comitatu
539 3563 648 3613 nostro
685 3549 869 3622 Oxoniensi,
904 3550 1036 3613 situatae
1070 3561 1104 3614 et
1141 3550 1322 3621 existentis,

171 3633 335 3712 videlicet,
353 3633 394 3697 de
424 3657 488 3697 uno
513 3634 701 3720 Principali,
726 3645 799 3698 octo
831 3636 931 3698 Sociis
954 3645 987 3698 et
1013 3645 1083 3699 octo
1112 3635 1321 3716 scholaribus,

169 3720 284 3792 creari,
301 3720 394 3806 erigi,
416 3720 547 3784 fundari
571 3732 605 3785 et
628 3721 779 3800 stabiliri,
803 3720 1013 3786 decrevimus.
1058 3721 1105 3784 Et
1120 3721 1208 3785 idem
1225 3722 1320 3788 colle·

169 3807 260 3890 gium
272 3805 313 3870 de
327 3828 394 3871 uno
405 3806 591 3891 Principali,
607 3817 639 3870 et
650 3818 721 3871 octo
738 3807 835 3871 Sociis
851 3830 887 3870 ac
902 3817 973 3870 octo
989 3805 1198 3886 scholaribus,
1212 3818 1323 3874 tenore

170 3893 386 3976 praesentium
401 3893 534 3957 realiter
557 3903 591 3957 et
615 3893 657 3956 ad
681 3895 813 3979 plenum
838 3893 960 3957 ibidem
981 3910 1135 3970 creamus,
1156 3893 1205 3957 eri
1232 3895 1322 3963 'mus
1371 3944 1374 3949 ι

170 3977 357 4056 fundamus
388 3978 584 4057 ordinamus
615 3979 759 4056 facimus,
791 3980 1017 4043 constituimus
1054 3988 1088 4042 et
1125 3978 1212 4042 stabi
1227 3981 1321 4059 imus,

162 4064 338 4160 'perpetuis
364 4063 483 4127 futuris
509 4066 714 4150 temporibus
743 4065 951 4138 duraturum,
977 4076 1011 4129 et
1039 4065 1084 4127 sic
1112 4064 1262 4144 stabiliri,
1288 4078 1324 4131 et

169 4160 414 4234 rmperpetuum
443 4149 678 4215 inviolabiliter
708 4151 884 4228 observari,
909 4151 1058 4214 volumus
1088 4162 1122 4215 et
1154 4151 1321 4233 jubemus,

170 4233 341 4318 ipsumque
374 4235 549 4322 collegium
584 4237 769 4324 Collegium
807 4236 928 4301 Jhesus
964 4237 1051 4301 infra
1086 4237 1253 4301 civitatem
1290 4251 1325 4304 et

171 4318 434 4385 Universitatem
464 4322 602 4386 Oxoniae
633 4342 674 4387 ex
704 4322 895 4386 fundatione
931 4322 1070 4411 Reginae
1100 4323 1322 4398 Elirabethae,

170 4404 309 4491 Anglice
344 4429 420 4471 vero
444 4410 559 4472 Jhcsus
586 4409 703 4496 Collega
725 4412 841 4494 wythin
870 4412 918 4474 the
945 4411 1025 4474 Cute
1050 4413 1113 4474 ond
1142 4412 1324 4476 Univeret'tie

162 4495 209 4576 'of
236 4492 385 4576 ,chortla
415 4497 454 4578 of
488 4497 592 4575 Quoue
628 4497 830 4562 Elizubethe’e
855 4499 1042 4581 sundocr'ou,
1080 4496 1324 4584 imperpetuum
