3022 4874
530 362 532 367 ⁴
573 269 665 331 Jesus
682 264 809 350 Colleqa
830 267 958 350 Oaford.

177 621 351 695 PRIMA
379 620 515 695 PARS
544 621 873 696 PATENTIUM
901 623 946 696 de
973 647 1070 694 anno
1098 624 1202 721 regni
1220 626 1330 725 Regis

501 744 674 820 Gooaorr
695 747 874 821 Sacrum
893 747 1010 822 tertio.

174 934 227 998 De
245 934 425 998 concessione
443 934 534 997 Jesus
577 927 657 993 Rex
672 929 819 993 omnibus
833 932 874 994 ad
884 953 973 1014 quos,
985 943 1055 1003 etc„
1069 930 1213 994 salutem.
1240 930 1327 996 Cum

201 1017 319 1105 Collcqo
333 1020 367 1082 in
386 1017 513 1084 Osonio.
579 1016 709 1101 Regalis
747 1018 956 1100 praedecessor
993 1029 1096 1080 noster
1130 1017 1325 1098 Elizabetha,

175 1128 277 1188 nuper
300 1102 425 1190 Regina
450 1102 585 1190 Angliae,
611 1114 682 1182 etc.,
708 1126 764 1186 per
790 1102 897 1167 literas
927 1125 998 1167 suas
1026 1114 1177 1186 patentes,
1204 1105 1326 1188 Magno

175 1190 290 1276 Sigillo
306 1189 432 1275 Angliae
447 1189 613 1276 sigillatas,
630 1201 769 1274 gerentes
782 1188 887 1252 datam
901 1190 989 1273 apud
1001 1190 1325 1269 westmonasterium,

174 1276 325 1340 vicesimo
347 1276 484 1359 septimo
504 1276 557 1340 die
573 1275 678 1350 Junii,
701 1299 781 1337 anno
807 1276 898 1360 regni
921 1275 972 1338 sui
996 1275 1088 1338 tertio
1112 1276 1247 1348 decimo,
1268 1299 1327 1360 pro

175 1362 420 1426 consideratione
439 1363 474 1424 in
494 1362 614 1425 eisdem
638 1360 740 1424 literis
758 1362 943 1445 patentibus
967 1384 1111 1444 expressa
1126 1374 1157 1424 et
1172 1377 1325 1441 contenta,

174 1451 214 1511 de
228 1448 330 1534 gratia
344 1472 401 1510 sua
416 1447 559 1532 speciali,
576 1471 612 1510 ac
632 1471 671 1510 ex
693 1463 778 1510 certa
799 1448 931 1512 scientia
954 1461 984 1510 et
1007 1471 1093 1512 mero
1113 1459 1211 1528 motu,
1226 1450 1325 1532 quod-

175 1537 248 1598 dam
273 1534 443 1620 collegium
469 1533 657 1597 eruditionis
683 1534 897 1615 scientiarum,
923 1534 1148 1620 philosophiae,
1174 1536 1325 1598 bonarum

175 1620 301 1702 artium,
321 1620 504 1707 linguarum
524 1620 716 1706 cognitionis
738 1620 922 1701 Hebraicae,
949 1621 1071 1686 Graecae
1087 1631 1118 1683 et
1138 1619 1270 1700 Latinae,
1284 1622 1325 1682 ad

174 1707 300 1769 finalem
315 1730 411 1770 sacrae
427 1707 594 1791 theologia
608 1707 844 1790 professionem,
860 1707 1025 1792 perpetuis
1043 1706 1159 1770 futuris
1175 1706 1324 1791 tempori-

172 1794 230 1856 bus
244 1794 442 1871 duratumm,
454 1793 490 1855 in
503 1793 579 1872 solo,
592 1793 700 1871 fundo,
713 1792 777 1856 situ
791 1807 823 1856 et
836 1794 1020 1878 praecinctu,
1036 1816 1139 1875 nuper
1154 1793 1234 1857 aulae
1250 1817 1325 1872 suae,

175 1877 346 1964 vulgariter
360 1891 549 1963 nuncupata
564 1878 743 1952 Whirehall',
760 1903 834 1941 cum
847 1878 1056 1964 pertinentiis,
1072 1879 1107 1939 in
1121 1879 1246 1942 civitate
1261 1879 1326 1942 sive

175 1965 260 2027 alma
281 1963 456 2027 Academia
476 1965 539 2028 sive
555 1963 764 2028 Universitate
782 1964 924 2045 Oxoniae,
945 1964 980 2027 in
1001 1964 1153 2026 comitatu
1179 1963 1323 2044 Oxoniee,

174 2051 296 2114 situatae
311 2061 340 2114 et
355 2051 537 2128 existentis3
560 2051 705 2115 videlicet
723 2052 762 2113 de
781 2050 968 2135 Principali,
985 2063 1055 2112 octo
1076 2049 1180 2111 Sociis
1202 2063 1232 2111 et
1254 2062 1323 2114 octo

172 2137 380 2216 scholaribus,
404 2139 513 2217 creari,
536 2137 627 2237 erigi,
653 2136 788 2216 fundari,
812 2137 950 2201 stabiliri
973 2135 1162 2212 decreverit3
1184 2134 1215 2197 et
1237 2136 1323 2198 idem

174 2223 348 2309 collegium
363 2224 402 2286 de
417 2248 479 2287 uno
494 2222 680 2309 principali,
696 2239 728 2287 et
747 2239 817 2286 octo
836 2222 948 2295 Sociis
972 2235 1000 2286 et
1022 2231 1091 2286 octo
1115 2222 1322 2302 scholaribus,

171 2320 276 2373 tenore
295 2309 519 2393 praedictarum
542 2311 704 2374 literarum
725 2310 912 2394 patentium,
934 2307 1057 2372 realiter
1080 2319 1112 2371 et
1135 2308 1176 2373 ad
1190 2310 1323 2393 plenum

172 2395 293 2459 ibidem
319 2396 479 2475 creaverit,
504 2397 646 2476 erexerit,
672 2396 859 2477 fundaverit,
883 2394 1082 2475 ordinaverit,
1106 2395 1225 2475 fecerit,
1248 2419 1322 2458 con-

172 2480 308 2545 stituerit
326 2493 356 2542 et
377 2481 575 2561 stabiliverit,
591 2483 754 2566 perpetuis
775 2483 887 2546 futuris
908 2482 1104 2567 temporibus
1126 2482 1322 2562 duraturum,

171 2579 202 2629 et
224 2567 271 2630 sic
292 2566 432 2630 stabiliri
454 2582 484 2632 et
501 2567 740 2652 imperpetuum
763 2568 995 2632 inviolabiliter
1018 2568 1172 2634 observari
1191 2570 1323 2634 voluerit

171 2666 202 2717 et
222 2653 371 2736 jusserit3
392 2653 561 2738 ipsumque
588 2653 773 2741 Collegium
799 2655 880 2719 Jesu
904 2656 985 2720 infra
1009 2655 1168 2720 civitatem
1188 2668 1219 2718 et
1241 2655 1323 2720 Uni·

173 2740 352 2804 versitatem
378 2739 520 2813 Oxoniae,
544 2764 582 2804 ex
606 2741 788 2805 fundatione
808 2742 940 2828 Reginae
965 2741 1168 2821 Elizabethae,
1184 2743 1323 2826 Anglice

171 2850 241 2889 vero
261 2829 355 2892 Jesus
380 2825 518 2914 Colledqe
541 2831 647 2893 within
668 2830 717 2892 tlte
730 2832 800 2914 ‚city
819 2831 884 2892 ond
903 2830 1079 2912 University
1094 2832 1134 2912 (ff
1146 2828 1275 2910 Oscfhrd,
1291 2835 1330 2912 (ff

176 2916 278 2992 Quecn
293 2915 481 2980 Elisabeth's
491 2917 691 3000 foundation,
710 2916 946 2997 imperpetuum
961 2913 1128 2990 nominari,
1143 2913 1322 2996 nuncupari

171 3017 200 3061 et
214 3001 328 3079 vocari,
343 3000 479 3064 voluerit
494 3016 526 3064 et
542 2999 720 3078 decreverit,
735 3023 792 3082 per
805 3000 930 3061 easdem
950 2998 1060 3062 literas
1083 3010 1242 3080 patentes3
1267 3022 1321 3062 vo·

171 3087 267 3149 luerit
291 3085 397 3166 etiam,
424 3085 613 3149 ordinaverit
637 3099 667 3148 et
692 3085 902 3163 declaraverit,
930 3084 1038 3149 eadem
1064 3107 1166 3167 nuper
1193 3085 1244 3147 Re
1268 3085 1322 3147 ina

173 3171 373 3245 Elisabetha‚
387 3196 445 3255 per
460 3172 561 3235 dictas
581 3171 688 3234 literas
706 3194 778 3234 suas
797 3181 949 3255 patenteS,
965 3171 1050 3255 quod
1065 3171 1213 3254 praedicti
1231 3109 1320 3234 firin-

172 3256 298 3340 cipalis,
312 3258 402 3321 Socii
417 3269 448 3321 et
463 3259 628 3330 scholares,
649 3273 764 3321 extunc
785 3259 825 3321 de
846 3269 958 3322 caetero
983 3273 1086 3322 essent
1107 3273 1139 3320 ct
1160 3259 1264 3330 forent,
1280 3257 1320 3318 de

171 3365 204 3404 se
226 3353 256 3405 et
279 3343 315 3405 in
337 3367 370 3405 re
394 3358 425 3406 et
448 3345 585 3425 nomine,
609 3368 708 3407 unum
732 3368 847 3430 corpus
870 3359 1071 3430 corporatum
1093 3355 1123 3408 et
1143 3344 1320 3427 politicum,

170 3425 382 3512 haberentque
411 3431 642 3493 successionem
672 3446 867 3514 perpetuam,
894 3455 951 3530 per
974 3453 1088 3493 nomen
1115 3427 1319 3509 Principalis,

171 3512 338 3576 Sociorum
361 3527 391 3574 et
411 3514 616 3594 scholarium,
641 3516 782 3599 Collegii
797 3517 879 3580 Jesu
898 3518 980 3578 mfra
1000 3515 1158 3576 civitatem
1182 3527 1212 3574 et
1236 3512 1317 3576 Uni·

171 3601 349 3662 versitatem
371 3598 514 3672 Omnia,
530 3623 568 3662 ex
585 3600 765 3662 fundatione
781 3602 912 3686 Regina
929 3597 1128 3662 Elisabethae.
1176 3598 1319 3684 Cumque

170 3685 266 3748 etiam
281 3685 410 3771 Regalis
424 3686 629 3770 praedecessor
643 3685 902 3760 nosterJacobus,
913 3707 1008 3770 nuper
1020 3684 1087 3747 Rex
1101 3683 1235 3768 Angliae,
1248 3699 1319 3763 etc„

170 3794 223 3854 per
237 3769 339 3834 literas
354 3793 427 3834 suas
444 3783 591 3856 patentes,
607 3770 663 3833 sub
680 3768 804 3856 Magno
821 3771 933 3854 Sigillo
948 3794 1001 3834 suo
1016 3769 1140 3856 Angliae
1157 3774 1317 3853 confectas,

171 3869 312 3943 gerentes
336 3857 444 3920 datam
468 3859 553 3942 apud
572 3856 888 3935 westmonasterium,
912 3858 1010 3937 primo
1035 3857 1084 3919 die
1107 3855 1209 3935 Junii,
1235 3880 1318 3921 anno

170 3943 260 4029 regni
278 3943 326 4007 sui
342 3943 475 4029 Anglr'ae,
492 3942 629 4006 Francia
649 3953 679 4004 et
701 3939 874 4020 Hibernia,
896 3940 1019 4005 decimo
1043 3964 1131 4022 nono,
1155 3954 1185 4005 et
1207 3943 1318 4007 Scotiae

171 4029 431 4114 quiuquagesimo
447 4041 566 4113 quarto,
582 4028 620 4091 de
635 4027 735 4114 gratia
750 4050 805 4089 sua
821 4029 960 4111 speciali,
976 4049 1013 4090 ac
1032 4051 1071 4090 ex
1089 4041 1171 4092 certa
1190 4031 1318 4093 scientia

170 4128 201 4178 et
216 4137 301 4179 mero
321 4127 407 4177 motu
433 4117 504 4186 suis,
528 4115 709 4198 praedictum
732 4113 909 4199 collegium,
932 4114 975 4177 sic
1000 4125 1150 4188 creatum,
1171 4127 1316 4196 erectum,

170 4202 332 4265 fundatum
347 4214 376 4265 et
394 4202 578 4276 stabilitum,
588 4199 815 4264 confirmaverit
824 4225 833 4277 3
850 4212 880 4261 et
896 4199 1025 4262 ulterius
1038 4202 1205 4284 praedictus
1218 4225 1318 4288 nuper

170 4289 240 4353 Rex
256 4288 407 4358 Jacobus‚
423 4289 462 4350 de
486 4287 618 4350 uberiori
636 4287 736 4372 gratia
750 4308 817 4357 sua,
839 4283 980 4365 voluerit,
1005 4309 1059 4369 pro
1080 4309 1120 4360 se,
1144 4289 1318 4353 haeredibus

169 4390 200 4436 et
223 4375 457 4448 successoribus,
484 4375 665 4458 pradictum
694 4371 858 4458 collegium
890 4373 929 4433 de
959 4395 1019 4434 nno
1047 4372 1223 4459 Principali‚
1250 4391 1318 4439 octo

170 4460 268 4525 Sociis
282 4474 311 4527 et
325 4472 394 4526 octo
410 4458 608 4542 scholaribus,
626 4481 787 4545 quousque
802 4457 998 4544 Principalis,
1013 4471 1083 4524 octo
1098 4462 1179 4525 Socii
1197 4473 1228 4526 et
1249 4475 1319 4528 octo
