3022 4874
458 251 595 320 &etates
608 254 648 337 of
655 251 749 314 Jesus
767 245 894 334 Callope,
915 246 1043 333 Oeford.
1284 253 1326 319 65

171 432 219 476 we
242 412 309 478 and
324 411 371 476 all
394 435 456 477 our
477 412 641 499 posterity
654 432 728 498 may
745 414 837 497 enjoy
859 408 981 473 sincere
1004 407 1144 497 religion
1169 410 1236 476 and
1254 413 1326 499 just

171 506 398 585 government,
414 499 480 563 and
494 499 602 588 praise
617 498 676 586 thy
690 519 785 562 name
800 495 851 560 for
865 494 973 561 ever.''

194 648 346 714 au-De
361 651 594 736 possessionibus
616 671 674 714 non
688 648 867 721 alienandis,
892 657 920 711 et
934 648 970 710 de
984 647 1141 730 benchciis,
1157 649 1304 712 maneriis

442 747 471 800 et
484 738 664 813 tenementis,
678 735 856 819 adfirmem
866 732 1063 798 dimittendis,

215 843 301 910 Item
314 845 498 924 statuimus,
514 843 704 909 ordinamus
718 853 752 908 et
766 844 925 918 volumus,
941 839 1031 928 quod
1045 842 1199 923 maneria,
1213 851 1321 923 terrae,
1335 866 1477 916 strennuos
1487 880 1511 918 0³

173 937 368 1010 tenemento,
385 930 545 1008 redditus,
557 931 793 1004 advocationes,
802 937 996 1015 patronatus
1010 924 1227 1008 ecclesiarum,
1238 951 1322 995 areae
1334 927 1411 988 unm,
1421 930 1461 976 &⁰-

172 1017 268 1093 bosci,
279 1040 335 1082 seu
349 1018 483 1083 terrain
496 1039 563 1103 qua
576 1018 664 1082 bosci
678 1026 835 1094 crescunt,
852 1024 959 1164 prata,
967 1036 1087 1101 pascua
1099 1016 1152 1079 vel
1166 1025 1322 1116 pasturae,

172 1125 230 1167 seu
254 1104 320 1169 alia
343 1104 426 1168 dicti
452 1103 581 1190 collegii
607 1104 694 1168 bona
722 1102 857 1166 immobi
870 1104 903 1166 ia
924 1123 1134 1188 quaecunque,
1159 1122 1229 1166 slve
1257 1103 1323 1167 sint

171 1190 360 1275 spiritualia
391 1191 459 1253 sive
488 1190 693 1276 temporalia,
719 1199 778 1254 aut
806 1189 905 1253 etiam
928 1188 1043 1262 mixta,
1066 1187 1156 1251 nullo
1178 1210 1323 1272 unquam

145 1306 146 1309 ¹
172 1283 319 1360 tempore
333 1277 368 1340 in
383 1274 516 1340 feodum
530 1277 584 1341 vel
610 1276 655 1340 ad
676 1276 851 1341 terminum
865 1275 942 1339 vitae
955 1273 1007 1338 vel
1022 1275 1165 1338 vitarum
1180 1274 1323 1338 alienen-

171 1367 229 1424 tur
265 1383 323 1424 seu
356 1362 634 1448 impignorentur3
673 1360 827 1448 quodque
859 1382 919 1424 nec
955 1360 1101 1424 maneria
1131 1359 1202 1423 ulla
1232 1359 1323 1425 ultra

171 1445 346 1512 terminum
377 1449 497 1534 viginti
526 1469 695 1528 annorum,
724 1469 783 1511 nec
809 1445 951 1510 ecclesiae
979 1446 1204 1531 appropriata
1232 1446 1323 1510 ultra
1335 1473 1511 1524 Termofle

170 1533 346 1598 terminum
372 1531 481 1597 decem
498 1554 667 1611 annorum,
684 1532 726 1597 ad
739 1532 866 1596 firmam
882 1532 936 1595 vel
953 1530 1017 1595 alio
1038 1531 1135 1595 modo
1150 1531 1324 1597 tradantur

170 1639 228 1682 seu
257 1619 478 1684 dimittantur.
537 1619 773 1697 Permittimus,
807 1628 928 1696 tamen,
958 1625 998 1680 ut
1029 1617 1187 1704 ejusmodi
1215 1628 1321 1692 terrae,
1335 1657 1462 1716 Copyhold

170 1713 366 1779 tenementa,
382 1705 572 1792 messuagio,
589 1714 624 1770 et
644 1715 768 1769 tenurae
780 1725 994 1791 quaecunque,
1007 1725 1080 1766 cum
1096 1725 1207 1766 eorum
1221 1705 1323 1790 perti-
1334 1720 1441 1765 tenuras.

170 1790 299 1871 nentiis‚
309 1801 375 1855 tam
391 1793 426 1856 in
441 1791 631 1857 civitatibus
646 1801 680 1856 et
696 1791 785 1854 villis
801 1812 897 1875 quam
912 1777 1065 1853 maneriis
1081 1799 1115 1855 et
1127 1790 1267 1877 ecclesiis
1281 1791 1322 1854 iis

170 1878 397 1962 appropriatis,
413 1887 448 1942 et
463 1878 537 1942 aliis
559 1878 637 1942 locis
654 1877 914 1963 quibuscumque
938 1875 982 1939 ad
1004 1875 1127 1940 dictum
1151 1876 1324 1964 collegium

194 1961 441 2051 ualitercunque
476 1963 710 2043 sectantibus,
753 1985 827 2048 quae
864 1963 908 2027 ad
944 1983 1060 2025 manus
1094 1962 1323 2048 praedictorum

170 1985 368 2136 lrincipalis
379 2061 413 2115 et
424 1986 628 2127 scholarium,
634 2072 694 2136 per
704 2059 898 2114 escaetatem
910 2057 968 2113 aut
977 2047 1143 2112 defectum
1153 2047 1323 2114 haercdum

169 2133 223 2198 vel
239 2137 424 2200 tenentium
441 2136 496 2202 vel
509 2137 613 2201 alium
627 2137 768 2200 similem
783 2135 917 2200 modum
932 2155 1168 2220 quemcunque,
1185 2134 1323 2200 devene-

170 2220 246 2293 rint,
259 2222 391 2286 concedi
406 2223 460 2286 vel
480 2222 566 2287 tradi
591 2222 716 2308 possint
741 2242 801 2305 per
824 2221 931 2305 copias
954 2219 1134 2283 rotulorum
1149 2221 1323 2302 curiarum,

171 2326 232 2392 pro
241 2306 361 2372 finibus
371 2307 503 2387 idoneis,
511 2313 609 2394 juxta
618 2305 885 2371 consuetudinem
894 2303 1039 2368 omnium
1049 2305 1206 2391 ejusmodi
1216 2329 1323 2373 maue-

169 2392 293 2457 riorum
308 2393 343 2457 in
357 2415 396 2457 ea
407 2403 501 2479 parte
517 2393 714 2478 antiquitius
728 2393 903 2466 usitatam3
919 2389 1016 2455 modo
1035 2391 1092 2455 fiat
1108 2414 1149 2456 ex
1168 2415 1323 2458 consensu

170 2476 362 2565 Principalis
377 2489 411 2542 et
426 2480 556 2564 majoris
570 2480 676 2627 partis
692 2478 887 2542 Sociorum*
920 2477 1094 2542 Pensiones
1108 2500 1184 2543 vero
1200 2502 1323 2544 annuas
1335 2507 1436 2555 Annua
1446 2523 1506 2568 pen-

170 2571 229 2627 aut
248 2563 396 2628 corrodia
407 2563 518 2650 aliqua
532 2587 578 2628 nu
591 2564 624 2628 lo
634 2564 730 2628 modo
740 2564 919 2649 Principali
931 2573 965 2628 et
980 2564 1083 2627 Sociis
1094 2563 1174 2629 dicti
1192 2566 1323 2652 collegii
1334 2569 1495 2639 acascom-

171 2647 252 2735 (uno
278 2658 408 2714 tantum
431 2649 527 2714 feodo
557 2651 777 2736 quadraginta
800 2649 979 2714 solidorum
994 2650 1101 2734 perito
1129 2651 1164 2716 in
1192 2651 1323 2738 legibus
1334 2628 1394 2685 ‘¹¹⁰⁹'
1404 2628 1445 2673 &l

170 2734 278 2822 regni,
302 2757 363 2822 pro
392 2735 612 2822 impendendo
641 2736 773 2801 consilio
809 2757 879 2815 suo,
910 2734 1138 2800 solvendorum
1169 2738 1323 2822 excepto)

169 2820 283 2886 licebit
296 2823 443 2906 cuiquam
459 2821 537 2887 dare
553 2823 607 2888 vel
620 2821 806 2901 concedere,
815 2843 874 2885 nec
888 2820 931 2885 ad
945 2820 1014 2899 alia,
1025 2841 1123 2885 onera
1137 2822 1325 2906 spiritualia

169 2908 226 2973 vel
238 2908 430 3057 temporalia
441 2907 565 2974 dictum
581 2908 752 2995 collegium
765 2908 800 2972 in
812 2916 1021 2994 perpetuum,
1030 2906 1083 2970 vel
1097 2906 1140 2970 ad
1150 2909 1323 2972 terminum

170 2992 250 3057 vitae
264 3016 302 3057 ve
334 2995 488 3076 vitarum,
501 2996 554 3060 vel
568 3017 606 3059 su
632 3017 669 3060 ra
681 2995 858 3060 terminum
873 2993 995 3080 viginti
1012 3014 1180 3073 annorum,
1196 2995 1325 3078 quovis-

170 3077 267 3142 modo
288 3080 443 3166 obligare,
468 3081 533 3145 nisi
551 3018 708 3160 redditus,
724 3091 826 3147 terras
841 3090 899 3145 aut
913 3079 1128 3167 possessiones,
1144 3078 1186 3144 ad
1209 3081 1324 3164 hujus-

169 3163 259 3227 modi
287 3186 384 3230 onera
412 3168 636 3253 supportanda
663 3167 867 3246 sufficientes,
897 3187 936 3230 eo
964 3174 1115 3251 respectu
1147 3165 1191 3230 ad
1227 3188 1323 3229 usum

171 3249 300 3336 collegii
329 3253 530 3338 receperint3
558 3275 621 3336 quo
650 3253 751 3318 etiam
780 3274 865 3332 casu,
893 3250 1042 3316 volumus
1071 3260 1109 3315 ut
1137 3274 1323 3316 eonsensum

171 3335 360 3400 Visitatoris
409 3337 539 3400 nimitus
561 3347 747 3423 procurent,
763 3337 883 3422 alioqui
906 3359 971 3401 non
994 3336 1121 3402 facturi.
1166 3326 1511 3431 Item‚'neApp110,t10„‚

170 3421 328 3486 beneficia
351 3360 408 3487 ad
420 3423 569 3509 publicos
593 3445 670 3487 usus
695 3423 859 3488 destinata
881 3423 917 3487 in
945 3422 1107 3509 privatum
1136 3424 1322 3511 aliquorum
1334 3431 1439 3490 reseipts
1448 3431 1505 3478 ··

168 3507 371 3573 commodum
412 3518 651 3588 convertantur,
677 3509 837 3587 volumus,
862 3509 1048 3576 ordinamus
1073 3519 1107 3574 et
1135 3511 1322 3586 statuimus,
1334 3489 1402 3539 ⁶³⁶³·

169 3601 208 3656 ut
238 3595 317 3658 fines
346 3617 456 3660 omnes
482 3605 516 3659 et
538 3597 750 3681 pecuniarum
774 3617 918 3675 summa,
945 3619 1020 3695 quae
1049 3595 1084 3659 in
1113 3597 1324 3661 locationibus

168 3679 398 3760 maneriorum,
431 3690 605 3760 terrarum,
634 3691 903 3760 tenementorum,
926 3681 1176 3768 aliquarumque
1199 3705 1324 3782 posses-

170 3765 296 3829 sionum
305 3765 388 3831 dicti
396 3766 529 3853 collegii
537 3767 767 3831 solventuraut
776 3766 955 3846 dabuntur,
964 3767 999 3830 in
1007 3767 1088 3832 dicti
1096 3769 1224 3856 collegri
1232 3769 1324 3833 utili·

170 3860 284 3930 tatem,
301 3851 455 3939 (excepta
463 3854 567 3917 solum
577 3864 693 3936 quarta
707 3862 803 3940 parte
814 3852 1005 3936 earundem)
1021 3855 1195 3919 omninoet
1211 3854 1323 3920 totali·

170 3945 222 4000 ter
235 3938 360 4014 cedant,
372 3938 422 4026 [et
431 3939 462 4026 l]
477 3940 510 4002 in
527 3939 678 4003 aerarium
688 3939 832 4025 ejusdem
844 3939 1214 4024 continuoreponantur,
1229 3940 1322 4004 nullo

169 4044 316 4109 unquam
326 4035 473 4111 tempore
482 4025 787 4111 interPrincipalem
796 4036 830 4089 et
840 4025 947 4088 Socios
957 4034 1016 4088 aut
1025 4025 1107 4087 ullos
1118 4047 1229 4088 eorum
1239 4025 1322 4090 divi·

170 4106 296 4173 dendae.
322 4110 388 4174 Cui
396 4121 514 4176 nostrae
524 4110 722 4175 ordinationi
731 4111 759 4174 si
770 4111 842 4194 quis
850 4133 888 4175 ex
897 4109 1063 4197 praedictis
1073 4111 1322 4187 contravenerit,

170 4203 229 4258 aut
254 4197 466 4261 communiter
479 4198 533 4261 vel
557 4197 713 4284 privatim
736 4198 912 4283 quicquam
926 4207 1075 4283 respectu
1094 4197 1229 4282 alicujus
1244 4219 1321 4262 con-

169 4280 317 4344 cessionis
338 4283 549 4368 praefatarum
573 4285 807 4369 possessionum
831 4282 987 4347 faciendae
1001 4283 1054 4348 vel
1077 4281 1185 4362 factae,
1200 4293 1322 4368 praeter

518 4475 533 4505 ⁸
551 4477 568 4502 ‘¹
578 4473 905 4625 Seniorurpi’gn)Lambeth
916 4475 971 4527 MS.

753 4589 758 4602 .
1169 4561 1193 4604 E
