3022 4874
611 265 717 349 Royal
734 262 888 328 Ctarters.
1287 257 1325 326 15

170 451 240 508 tam
255 441 442 530 spiritualia
455 461 556 526 quam
580 440 785 525 temporalia,
802 439 846 504 ad
866 439 1009 505 valorem
1031 439 1205 525 sexaginta
1220 440 1323 504 libra·

170 551 246 593 rum
260 551 320 616 per
342 548 463 592 annum
479 527 569 590 ultra
584 527 694 590 omnia
707 548 807 590 onera
822 534 857 590 et
879 525 1029 612 reprisas,
1046 525 1213 612 praedictis
1230 527 1321 590 Prin·

171 615 271 700 cipali
285 638 322 680 ac
337 615 437 679 Sociis
452 622 486 677 et
500 611 696 677 scholaribus
712 623 747 677 et
764 613 999 676 suecessoribus
1013 613 1092 690 suis,
1108 612 1195 683 dare,
1211 633 1322 676 conce-

172 701 257 780 dere,
273 701 439 787 assignare
449 721 508 763 seu
520 699 638 786 legare,
651 708 782 785 possent
791 709 824 762 et
834 698 991 771 valerent,
1008 720 1066 762 seu
1077 718 1190 763 eorum
1201 698 1323 784 aliquis

171 797 281 872 posset
294 799 328 852 et
343 787 492 851 valeret:
513 785 672 854 habenda,
683 785 837 863 tenenda,
854 794 887 849 et
904 784 1081 870 gaudenda
1095 783 1217 849 eisdem
1227 785 1322 848 Prin·

171 873 280 959 cipali,
291 873 392 938 Sociis
405 884 441 937 et
455 870 666 951 scholaribus,
683 881 718 936 ct
731 871 966 936 successoribus
981 873 1048 935 suis
1062 872 1321 958 imperpetuum.

172 959 314 1024 Dederit
340 959 443 1023 etiam
465 967 500 1022 et
513 957 702 1022 concesserit
714 957 857 1043 praefata
872 978 977 1043 nuper
992 957 1043 1021 Re
1069 957 1131 1036 ‘na,
1143 967 1178 1020 et
1202 978 1262 1042 pro
1277 978 1322 1034 se,

170 1045 356 1111 heredibus
370 1056 405 1109 ct
421 1044 656 1108 successoribus
668 1044 737 1107 suis
753 1042 980 1131 (quantumin
994 1065 1029 1108 se
1040 978 1141 1108 iillum
1158 1091 1166 1122 ,
1183 1065 1241 1128 per
1250 1064 1323 1106 eas·

171 1131 247 1196 dem
266 1132 380 1196 literas
394 1141 554 1217 patentes,
571 1130 763 1195 concesserit
782 1139 816 1194 et
830 1128 994 1194 licentiam
1009 1128 1138 1195 dederit
1152 1129 1324 1228 specialem

88 1291 89 1294 Ἴ
171 1217 354 1304 cuicunque
378 1218 454 1282 aliae
466 1237 627 1303 personae,
640 1226 675 1281 et
701 1217 952 1315 quibuscunque
966 1215 1039 1280 aliis
1056 1236 1211 1302 persons,
1231 1215 1323 1300 quod

171 1303 245 1389 ipsi,
260 1302 415 1374 haeredes,
431 1312 617 1368 executores
631 1312 666 1366 et
688 1302 846 1389 assignati
861 1323 921 1372 sur,
937 1301 1093 1381 maneria,
1106 1312 1219 1379 terras,
1232 1312 1323 1366 tene-

171 1399 291 1470 menta,
308 1390 465 1468 redditus,
482 1390 693 1467 reversiones,
709 1388 852 1465 servitia,
868 1388 1031 1466 rectorias,
1048 1387 1228 1473 pensiones,
1247 1408 1323 1473 por-

171 1475 284 1554 tiones,
301 1476 496 1546 annuitates,
513 1484 548 1538 et
562 1474 670 1537 omnia
682 1483 718 1536 ct
732 1473 919 1536 omnimoda
934 1473 1000 1536 alia
1014 1473 1280 1538 hareditamenta
1291 1484 1324 1537 et

171 1562 388 1646 possessiones
414 1582 627 1646 quaecunque,
647 1569 716 1623 tam
739 1558 924 1644 spiritualia
938 1578 1040 1644 quam
1064 1559 1264 1644 temporalia,
1279 1559 1323 1623 ad

172 1648 317 1711 valorem
331 1657 464 1710 centum
478 1645 638 1709 librarum
653 1666 712 1730 per
727 1666 848 1708 annum
863 1645 952 1709 ultra
966 1645 1074 1709 omnia
1095 1665 1194 1709 onera
1216 1655 1251 1710 et
1271 1666 1323 1710 re·

197 1730 287 1812 risus,
300 1743 368 1797 tam
378 1731 522 1796 defeodo
535 1753 595 1795 suo
610 1731 743 1818 proprio
757 1752 857 1816 quam
872 1731 986 1808 alieno,
996 1731 1172 1794 dummodo
1185 1730 1227 1795 de
1242 1751 1323 1816 prar-

172 1756 243 1883 hta
256 1838 362 1904 nuper
384 1818 525 1904 Regina,
541 1817 724 1882 haeredibus
739 1817 792 1881 vel
808 1818 1045 1881 successoribus
1061 1817 1137 1893 suis,
1151 1838 1217 1881 non
1232 1829 1323 1883 tene·

171 1915 287 1968 rentur
301 1905 491 1968 immediate
507 1904 541 1967 in
554 1904 673 1990 capite,
688 1903 741 1968 vel
752 1924 811 1990 per
824 1904 994 1968 servitium
1009 1903 1162 1982 militare,
1178 1904 1325 1990 praefatis

172 1989 360 2077 Principali,
377 1990 479 2055 Sociis
493 2000 527 2054 et
539 1989 747 2061 scholaribus,
762 1999 795 2054 et
806 1990 1041 2054 successoribus
1056 1991 1133 2070 suis,
1146 1990 1237 2069 dare,
1250 2011 1323 2054 con·

173 2076 297 2148 cedere,
321 2078 489 2163 assignare
514 2098 574 2140 seu
597 2078 718 2164 legare,
742 2085 875 2162 possent
898 2087 932 2140 et
951 2077 1110 2154 valerent,
1130 2084 1190 2140 aut
1211 2096 1324 2139 sorum

175 2162 296 2249 aliquis
311 2173 422 2262 posset
439 2185 497 2228 seu
511 2162 654 2239 valeret3
677 2162 837 2233 habenda,
855 2161 997 2225 tenenda
1013 2170 1048 2225 et
1068 2159 1242 2247 gaudenda
1261 2162 1324 2226 eis·

174 2247 250 2313 dem
268 2249 457 2334 Prmcipali,
472 2249 574 2314 Sociis
588 2259 620 2312 et
647 2247 849 2311 scholaribus
873 2257 907 2310 et
920 2247 1154 2311 successoribus
1175 2246 1243 2311 suis
1263 2247 1323 2311 im-

174 2345 382 2422 perpetuum.
429 2336 474 2398 Et
496 2333 623 2397 eisdem
639 2333 827 2418 Principali,
843 2332 944 2397 Sociis
959 2341 995 2396 et
1010 2331 1218 2410 scholaribus,
1232 2333 1324 2420 quod

174 2422 239 2506 ipsi
251 2423 406 2498 maneria,
423 2431 537 2497 terras,
550 2429 748 2493 tenemento,
773 2415 932 2498 redditus,
956 2421 1164 2499 reversiones,
1180 2421 1322 2499 servitia,

172 2505 337 2583 rectorias,
352 2505 532 2592 pensiones,
555 2504 730 2590 portiones,
749 2505 946 2584 annuitates,
961 2516 996 2569 et
1011 2507 1120 2570 omnia
1141 2506 1208 2570 alia
1222 2506 1324 2571 haere-

173 2591 355 2654 ditamenta
368 2600 404 2654 et
418 2591 631 2676 possessiones
646 2611 860 2737 quaecunque,
877 2591 918 2655 ad
931 2591 1076 2656 valorem
1090 2593 1323 2679 praedictarum

173 2675 343 2762 sexaginta
357 2676 528 2754 librarum,
542 2697 563 2739 a
577 2696 647 2762 prae
662 2686 717 2741 ato
733 2674 795 2740 Hu
860 2699 878 2741 e
890 2677 1013 2763 Aprica
1027 2679 1172 2763 recipere
1180 2687 1322 2764 possent,

101 2784 104 2788 ·
174 2771 210 2826 et
224 2772 337 2827 tenere
353 2760 417 2826 sibi
432 2760 557 2826 eisdem
579 2761 768 2847 Principali,
789 2699 889 2826 {ielis
910 2773 946 2826 et
969 2763 1179 2843 scholaribus,
1196 2771 1230 2828 et
1254 2784 1326 2826 suc·

173 2848 355 2913 censoribus
377 2848 447 2912 suis
462 2849 718 2948 imperpetuum.
762 2848 812 2911 Et
828 2848 950 2912 eisdem
965 2847 1156 2934 Principali,
1173 2849 1274 2912 Sociis
1289 2858 1325 2913 et

173 2933 384 3013 scholaribus,
398 2933 489 3021 quod
510 2935 576 3021 rpsi
597 2934 705 2998 omnia
721 2934 787 2999 alia
811 2934 967 3013 maneria,
991 2945 1106 3014 terras,
1129 2942 1323 3014 tenementa‚

173 3019 335 3099 redditus,
361 3022 570 3100 reversiones,
592 3021 739 3097 servitia,
764 3021 927 3093 rectorias,
951 3020 1128 3108 pensiones,
1149 3022 1324 3107 portiones,

174 3105 370 3184 annuitates,
385 3128 423 3171 ac
445 3107 554 3170 omnia
576 3106 641 3171 alia
664 3106 933 3172 haereditamenta
947 3118 981 3172 et
1006 3108 1219 3195 possessiones
1232 3128 1325 3194 quae-

173 3211 312 3276 cunque,
333 3192 375 3256 ad
388 3193 531 3257 valorem
545 3202 676 3256 centurn
689 3193 849 3257 librarum
864 3214 1071 3280 perannum,
1087 3215 1107 3258 a
1130 3214 1324 3280 quacunque

174 3276 242 3340 alia
250 3297 397 3362 persona,
409 3287 443 3341 et
458 3278 710 3362 quibuscunque
719 3277 792 3341 aliis
806 3279 964 3363 personis,
974 3301 1014 3344 ea
1028 3280 1076 3344 eis
1091 3279 1168 3344 dare
1183 3280 1235 3344 vel
1251 3300 1324 3344 con-

173 3362 287 3427 oedere
300 3363 424 3427 volenti
437 3363 492 3427 vel
506 3362 701 3438 volentibus,
712 3363 856 3448 recipere
867 3373 999 3450 possent
1013 3377 1047 3430 et
1064 3375 1175 3431 tenere
1189 3367 1253 3431 sibi
1263 3367 1324 3430 eis-

174 3447 251 3514 dem
265 3446 454 3535 Principali,
465 3449 570 3514 Sociis
588 3458 622 3513 et
636 3449 836 3513 scholaribus
848 3461 883 3516 et
897 3452 1130 3517 successoribus
1146 3455 1225 3527 suis,
1239 3453 1324 3517 deut

173 3532 370 3621 praedictum
395 3545 456 3614 est,
471 3536 727 3634 imperpetuum,
750 3547 861 3600 tenore
874 3538 1052 3603 earundem
1071 3538 1240 3604 literarum
1265 3559 1323 3625 pa·

174 3621 324 3694 lentium,
338 3620 492 3686 similiter
506 3622 672 3686 licentiam
692 3643 752 3708 pro
766 3643 810 3703 se,
826 3621 1013 3687 haeredibus
1033 3634 1068 3688 et
1085 3625 1324 3690 successoribus

173 3707 251 3786 auis,
278 3707 407 3773 dederit
429 3705 623 3794 specialem:
655 3719 779 3773 statuto
805 3707 848 3772 de
878 3711 977 3775 terris
1001 3720 1035 3775 et
1060 3713 1254 3778 tenementis
1280 3711 1324 3776 ad

174 3813 307 3858 manum
321 3803 485 3859 mortuam
501 3816 564 3858 non
578 3794 747 3880 ponendis,
757 3804 816 3858 aut
826 3794 938 3880 aliquo
952 3796 1018 3860 alio
1029 3805 1164 3876 statuto,
1172 3809 1260 3877 actu,
1269 3819 1323 3862 or-

173 3877 353 3959 clinatione,
361 3880 550 3966 provisione
558 3882 628 3945 sive
637 3880 851 3955 restrictione,
862 3881 897 3946 in
909 3882 1106 3946 contrarium
1116 3883 1211 3963 facto,
1222 3883 1324 3965 edito,

174 3964 326 4030 ordinato
349 3986 408 4030 seu
434 3967 576 4053 proviso,
602 3978 665 4032 aut
691 3966 803 4052 aliqua
829 3968 897 4032 alia
919 3990 1087 4048 racanas,
1111 3969 1166 4032 rel
1182 3973 1324 4036 materia

197 4072 381 4137 uacunque,
398 4052 432 4115 in
446 4053 559 4139 aliquo
573 4075 637 4116 non
659 4052 817 4117 obstante.
863 4054 908 4117 Et
926 4055 1066 4118 ulterius
1087 4054 1202 4119 eadem
1218 4078 1325 4143 nuper

226 4138 304 4220 gina
313 4137 430 4216 voluit,
440 4161 477 4202 ac
486 4159 547 4225 pro
558 4160 602 4218 se,
612 4138 798 4203 haeredibus
809 4141 1087 4204 etsuccessoribus
1096 4141 1174 4221 suis,
1183 4164 1244 4228 per
1254 4164 1325 4206 eas·

174 4221 249 4285 dem
268 4222 382 4288 literas
405 4234 557 4309 patentes
580 4226 777 4300 concesserit,
790 4225 880 4311 quod
894 4225 1003 4290 dictus
1021 4226 1080 4290 Hu
1139 4227 1274 4314 Aprica,
1291 4239 1325 4293 et

173 4306 385 4391 praedilectus
406 4319 439 4373 et
456 4309 560 4375 fidelis
575 4311 776 4376 consiliarius
791 4333 870 4375 suus
892 4313 924 4376 N
928 4311 1073 4377 icholaus
1082 4248 1199 4378 &acon
1219 4315 1324 4395 miles,

174 4391 296 4456 adtunc
309 4394 428 4459 Custos
438 4395 555 4550 Mqffni
565 4397 676 4483 Sigilli
685 4398 737 4462 sui
748 4397 889 4484 Angliae,
902 4420 939 4462 ac
947 4399 1158 4485 praedilectus
1167 4408 1202 4464 et
1218 4401 1325 4466 fidelis

172 4476 465 4547 consiliariussuus
521 4482 676 4549 illielmus
685 4483 789 4550 Cecill
797 4484 902 4564 miles,
915 4486 1081 4551 tuncbaro
1095 4485 1136 4551 de
1148 4487 1325 4576 Burghley,
1441 4566 1460 4591 d
