3022 4874
172 115 217 179 32
552 111 643 173 Jesus
662 106 790 194 Callope,
811 106 941 192 Orford.

170 283 326 369 quirendi,
354 281 548 367 acquirendi,
570 280 718 354 habendi,
742 280 889 365 capiendi
918 289 949 342 et
978 276 1134 363 gaudendi
1165 273 1337 361 praedictis

172 370 359 453 Principali,
391 368 499 433 Sociis
528 379 558 430 et
587 367 793 445 scholaribus,
830 363 954 452 collegii
983 365 1064 429 Jesu
1100 363 1272 447 praedicti,
1310 375 1337 425 rt

172 458 399 520 successoribus
421 456 488 518 suis
511 478 566 539 pro
586 466 725 539 tempore
747 453 965 531 existentibus,
989 453 1024 514 in
1039 451 1166 513 nomine
1182 471 1246 513 suo
1265 469 1335 534 pro·

172 544 247 627 prio,
278 542 327 604 vel
357 542 392 604 in
420 542 550 603 nomine
575 542 640 604 sive
669 540 854 603 nominibus
883 536 1021 620 alicujus
1048 536 1115 600 sive
1134 535 1334 684 aliquarum,

172 629 255 692 alius
271 627 336 691 sive
359 626 503 704 aliarum,
518 648 659 710 personae
682 627 746 689 sive
770 646 984 710 personarum,
1006 637 1036 686 et
1058 624 1129 706 ejus
1151 645 1190 685 ve
1220 644 1335 686 eorum

174 714 346 792 haredum,
380 716 416 776 in
453 713 583 792 fiducia,
613 713 653 775 ad
676 712 778 775 solum
809 722 840 774 et
872 712 1035 795 proprium
1065 730 1144 795 opus
1173 720 1205 772 et
1238 730 1334 771 usum

174 801 398 885 praedictorum
420 800 626 883 Principalis,
644 799 810 864 Sociorum
825 810 856 859 et
881 796 1084 875 scholarium,
1100 793 1232 880 collegii
1248 793 1277 859 J
1277 817 1335 859 esu

174 887 331 972 pradicti,
356 908 416 970 pro
440 901 579 970 tempore
593 885 807 957 existentium,
833 884 940 968 aliqua
962 882 1025 945 alia
1047 882 1194 953 maneria,
1219 893 1333 953 terras,

175 982 362 1042 tenementa‚
378 973 531 1051 redditus,
549 973 749 1049 reventiones,
770 969 997 1048 advocationes,
1009 966 1063 1050 jus
1087 976 1278 1053 patronatus
1301 981 1333 1032 et

174 1056 462 1144 praesentationum,
477 1060 543 1121 sive
567 1057 630 1120 alia
644 1056 899 1122 haereditamenta
914 1076 1123 1142 quaecunque,
1142 1055 1225 1116 inlra
1240 1054 1333 1119 illam

175 1156 297 1229 partem
322 1145 411 1226 regni
434 1144 531 1207 nostri
555 1144 684 1228 Magnae
709 1143 880 1206 Britanniae
905 1155 1043 1205 vocatam
1067 1139 1235 1226 Angliam,
1264 1143 1330 1205 sivo

175 1232 352 1295 dominium
375 1246 515 1294 nostrum
540 1229 574 1291 W
578 1231 671 1309 alliae,
694 1229 734 1291 de
753 1230 852 1308 nobis,
866 1229 1042 1292 haeredibus
1057 1237 1088 1291 ct
1102 1229 1331 1292 succesoribus

175 1317 299 1392 nostris,
323 1327 418 1396 tenta,
444 1339 563 1383 necnon
586 1328 671 1379 tenta
693 1317 732 1378 de
755 1338 943 1399 quacunque
959 1317 1024 1378 alia
1037 1335 1170 1398 persona
1184 1314 1237 1378 vel
1253 1314 1330 1398 qui·

176 1404 359 1487 buscunque
373 1403 446 1467 aliis
461 1403 616 1489 personis,
632 1402 697 1466 sive
713 1403 773 1465 sint
788 1401 978 1487 incorporati
992 1400 1040 1463 vol
1057 1421 1118 1462 non
1129 1400 1329 1484 incorporati,

177 1490 356 1553 haeredibus
373 1490 422 1553 vel
437 1490 671 1554 successoribus
687 1488 765 1559 suis,
788 1510 851 1552 non
868 1488 1046 1552 excedentia
1067 1487 1102 1550 in
1116 1499 1179 1550 toto
1202 1486 1328 1551 clarum

175 1575 345 1638 annualem
361 1576 496 1639 valorem
513 1574 757 1660 quingentarum
768 1574 921 1638 librarum
932 1574 1042 1659 legalis
1051 1584 1183 1636 monaca
1198 1572 1329 1656 Magnae

179 1662 365 1738 Britanniae,
383 1660 466 1723 ultra
481 1662 589 1723 omnia
601 1683 696 1722 onera
709 1673 739 1723 et
754 1660 897 1743 reprisas.
943 1661 1078 1733 Damus,
1095 1660 1202 1733 etiam,
1218 1681 1255 1722 ac
1270 1683 1329 1744 por

177 1757 354 1829 praesentes,
371 1747 547 1828 pronubis,
572 1746 752 1809 haeredibus
768 1757 798 1808 et
812 1746 1047 1810 successoribus
1070 1745 1193 1821 nostris,
1216 1767 1328 1810 conce-

177 1833 285 1894 dimus
315 1830 490 1916 cuicunque
519 1832 646 1894 subdito
674 1841 791 1909 nostro,
820 1833 886 1895 sive
914 1832 1157 1916 quibuscunque
1185 1830 1327 1895 subditis

178 1920 301 1988 nostris,
315 1917 475 1980 haeredum
490 1928 521 1980 et
537 1939 755 1981 successorum
770 1926 957 1989 nostrorum,
972 1918 1036 1981 sive
1053 1920 1116 1982 sint
1138 1917 1324 1998 incorporati

179 2005 227 2066 vel
241 2026 303 2066 non
314 2005 514 2086 incorporati,
533 2004 691 2067 licentiam
714 2014 852 2066 nostram
877 2005 1058 2087 specialem,
1083 2027 1120 2066 ac
1143 2004 1270 2067 liberam
1292 2015 1326 2066 et

177 2090 300 2152 licitam
327 2100 509 2175 potestatem
534 2107 565 2154 et
589 2089 817 2170 auctoritatem,
840 2090 948 2169 dandi,
974 2091 1172 2168 concedendi,
1197 2087 1328 2174 legundi

178 2176 229 2237 vel
245 2176 417 2255 alienandi,
433 2176 540 2260 aliqua
555 2179 701 2251 maneria,
716 2187 824 2256 terras,
841 2187 1024 2249 tenementa‚
1042 2177 1195 2250 redditus,
1217 2196 1328 2239 reven-

178 2263 284 2339 tiones,
300 2261 527 2342 advocationes,
539 2261 594 2344 jus
610 2274 789 2347 patronatus
805 2273 835 2325 et
859 2265 1147 2346 praesentationum,
1172 2261 1238 2325 sive
1262 2261 1329 2325 alia

177 2346 431 2409 haereditamenta
453 2372 658 2432 quaecunque,
685 2350 843 2432 praedictis
868 2349 1055 2434 Principali,
1078 2349 1175 2412 Sociis
1190 2360 1220 2411 et
1234 2348 1328 2412 scho-

179 2431 311 2505 laribus,
333 2431 473 2514 Collegii
487 2434 566 2496 Jesu
580 2436 732 2519 praedicti,
755 2446 785 2498 et
800 2438 1032 2500 successoribus
1047 2436 1130 2509 suis3
1154 2435 1329 2499 dummodo

177 2518 286 2580 eadem
312 2541 375 2580 non
397 2521 550 2584 excedunt
573 2521 606 2582 in
623 2532 686 2584 toto
705 2522 826 2584 clarum
841 2522 1007 2585 annualem
1022 2524 1157 2584 valorem
1172 2523 1328 2611 quingen·

179 2618 284 2667 tarum
308 2605 463 2668 librarum
488 2606 603 2693 legalis
625 2619 758 2672 monetae
783 2607 911 2688 Magnae
928 2608 1108 2682 Britannia,
1126 2606 1208 2670 ultra
1222 2609 1329 2684 omnia

177 2714 272 2754 onera
300 2702 330 2754 ct
355 2694 499 2776 reprisas.
545 2695 701 2777 Denique,
724 2695 882 2774 volumus,
907 2717 954 2768 ac,
980 2717 1036 2779 per
1063 2708 1243 2794 praesentes,
1267 2715 1329 2774 pro

178 2777 279 2856 nobis,
296 2779 473 2844 haeredibus
488 2790 519 2842 et
541 2780 775 2843 successoribus
799 2779 926 2858 nostris,
952 2778 1149 2843 concedimus
1163 2776 1327 2858 praedictis

179 2864 368 2949 Principali,
394 2866 500 2929 Sociis
521 2877 552 2928 et
575 2866 781 2939 scholaribus,
805 2866 933 2950 collegii
948 2867 969 2929 J
973 2889 1027 2928 esu
1041 2860 1194 2948 praedicti,
1209 2871 1240 2924 et
1254 2883 1328 2924 suc·

178 2951 354 3014 cessoribus
374 2951 453 3032 suis,
477 2953 561 3035 quod
585 2953 634 3015 hae
652 2952 752 3015 literae
772 2960 928 3037 patentes,
943 2952 992 3016 vel
1007 2949 1243 3012 irrotulamcnta
1258 2947 1328 3012 sive

178 3037 426 3120 exemplificatio
442 3038 624 3117 earundem,
640 3037 703 3101 sint
718 3050 749 3100 et
762 3051 851 3101 erunt
867 3038 900 3101 in
923 3036 1069 3102 omnibus
1090 3045 1121 3099 et
1142 3057 1200 3121 per
1221 3035 1328 3098 omnia

178 3122 276 3194 bonae,
292 3123 400 3204 firmae,
416 3124 542 3204 validae,
565 3124 758 3188 sufficientes
772 3136 804 3189 et
816 3124 994 3188 affectuales
1009 3123 1043 3187 in
1056 3121 1135 3210 lege,
1152 3123 1326 3186 secundum

179 3230 283 3270 veram
299 3208 503 3274 intentionem
519 3213 709 3276 earundem:
734 3235 796 3276 non
819 3214 960 3276 obstante
984 3232 1047 3275 non
1062 3222 1145 3274 recte
1159 3208 1209 3272 vel
1231 3208 1325 3291 plene

179 3293 339 3356 recitando
361 3296 466 3359 dictas
489 3299 648 3380 separales
671 3298 795 3362 chartas
818 3298 884 3362 sive
899 3298 1007 3361 literas
1022 3308 1176 3383 patentes,
1192 3296 1240 3359 vel
1255 3295 1327 3357 data

177 3381 350 3441 earundem
367 3381 433 3444 sive
448 3405 556 3445 earum
572 3384 729 3469 alicujus3
746 3395 801 3447 aut
812 3384 921 3468 aliqua
934 3383 1000 3446 alia
1011 3383 1192 3454 omissione,
1210 3380 1327 3464 imper·

179 3464 324 3545 sectione,
340 3466 477 3546 delectu,
493 3489 534 3540 re,
551 3491 646 3531 causa
660 3471 711 3532 vel
725 3468 856 3533 materia
872 3490 1071 3552 quacunque,
1087 3468 1119 3530 in
1135 3467 1328 3530 contrarium

179 3549 254 3612 inde
276 3551 309 3614 in
332 3551 449 3635 aliquo,
473 3575 533 3616 non
554 3556 708 3618 obstante.
753 3556 790 3620 In
814 3555 905 3638 cujus
930 3553 987 3632 rei,
1015 3555 1072 3616 &c
1109 3556 1202 3617 Teste
1227 3552 1328 3638 Rege,

177 3636 264 3718 apud
280 3637 609 3719 westmonasterium,
625 3641 776 3705 vicesimo
790 3651 897 3704 octavo
912 3638 966 3701 die
980 3639 999 3700 J
1003 3639 1136 3701 anuarii.

810 3752 879 3814 Per
892 3750 977 3812 breve
990 3749 1026 3811 de
1036 3750 1161 3832 privato
1174 3750 1286 3832 sipillo.
