3022 4874
623 275 730 358 Royal
746 272 899 338 Chartcra
1292 278 1336 342 25

179 468 289 511 sorum
310 449 381 514 sive
405 470 519 513 eorum
542 449 690 535 alicujus,
720 471 780 536 per
804 472 869 528 nos,
892 449 1038 515 haeredes
1063 451 1115 515 vel
1143 473 1339 516 successores

180 545 315 614 nostros,
341 545 400 600 aut
421 557 483 621 per
501 535 706 620 justitiarios,
734 546 920 615 escaetores,
950 536 1160 612 vicecomites,
1190 537 1338 615 ballivos,

179 629 240 684 aut
264 620 346 685 alios
369 620 538 685 officiarios
561 644 618 687 seu
647 622 811 686 ministros
838 633 973 702 nostros,
1003 632 1063 686 aut
1092 621 1261 688 haeredum
1283 625 1338 688 vel

180 726 397 771 suceessorum
419 718 613 788 nostrorum,
628 730 848 857 quoscunque,
863 708 939 774 inde
955 709 1205 788 occasionantur,
1221 709 1338 773 moles·

182 801 305 872 tentur,
316 794 530 879 impetantur,
541 804 703 858 vexentur
718 795 752 858 in
766 816 785 857 a
800 795 945 880 iquoseu
958 804 1148 882 graventur,
1156 817 1214 858 nec
1223 817 1338 859 eorum

180 877 299 964 aliquis
313 880 541 959 occasionetur,
554 881 757 959 molestetur,
770 889 910 945 vexetur
924 882 957 944 in
972 881 1084 967 aliquo
1099 904 1158 945 scu
1170 892 1335 968 gravetur.

178 963 228 1029 Et
242 964 393 1045 ulterius,
403 965 445 1029 de
455 966 606 1053 ampliori
617 968 726 1053 gratia
736 977 847 1032 nostra
856 968 998 1053 speciali,
1008 977 1042 1032 et
1051 990 1092 1031 ex
1100 977 1187 1031 certa
1199 968 1336 1031 scientia

178 1059 212 1114 et
226 1072 315 1115 mero
329 1061 421 1116 motu
436 1053 565 1124 nostris,
583 1075 643 1139 pro
658 1052 973 1118 considerationibus
986 1052 1159 1140 praedictis,
1175 1053 1334 1131 volumus,

178 1159 215 1201 ac
231 1159 290 1222 per
303 1149 480 1224 praesentes
501 1160 560 1224 pro
574 1140 676 1218 nobis,
691 1139 878 1204 haeredibus
894 1149 928 1205 et
950 1138 1184 1205 successoribus
1204 1140 1333 1217 nostris,

176 1222 380 1287 concedimus
403 1224 550 1309 praefatis
571 1225 760 1313 Principali,
787 1226 888 1290 Sociis
911 1237 946 1291 et
968 1224 1179 1303 scholaribus,
1205 1235 1240 1290 et
1262 1247 1334 1288 suc-

175 1309 354 1374 cessoribus
375 1312 453 1390 suis,
472 1311 562 1398 quod
581 1311 633 1376 hae
654 1312 761 1377 litorae
784 1323 904 1376 nostrae
927 1321 1088 1398 patentes,
1103 1311 1156 1374 vel
1179 1309 1333 1375 irrotula-

174 1406 324 1460 mentum
354 1396 543 1474 earundem,
573 1411 668 1461 erunt
697 1398 731 1460 in
757 1399 907 1461 omnibus
935 1408 969 1461 et
995 1420 1056 1484 per
1086 1395 1193 1460 omnia
1219 1396 1331 1475 firmae,

174 1480 302 1560 validae,
319 1482 424 1560 bonae,
440 1482 633 1546 sufficientes
647 1494 682 1547 et
697 1481 883 1547 affectuales
899 1483 933 1546 in
957 1483 1043 1568 lege,
1058 1503 1140 1567 erga
1164 1492 1196 1546 et
1220 1493 1332 1546 contra

175 1588 245 1646 nos,
255 1567 400 1631 haeredes
412 1576 445 1631 et
454 1589 649 1632 successores
659 1577 794 1648 nostros,
805 1579 874 1633 tam
886 1567 919 1631 in
931 1568 1081 1632 omnibus
1092 1567 1190 1632 curiis
1201 1568 1330 1647 nostris,

176 1675 274 1736 quam
297 1653 379 1716 alibi
403 1652 487 1717 infra
509 1675 648 1740 regnum
675 1663 823 1718 nostrum
849 1653 992 1742 Angliae,
1019 1655 1143 1739 absque
1165 1653 1331 1737 aliquibus

175 1738 481 1818 confirmationibus,
502 1739 643 1805 licentiis
673 1741 727 1806 vel
757 1741 1013 1821 tolerationihus,
1037 1740 1077 1804 de
1099 1740 1201 1819 nobis,
1226 1738 1328 1805 haere·

175 1824 272 1888 dibus
285 1838 320 1889 et
334 1825 568 1891 successoribus
582 1827 709 1899 nostris,
728 1827 940 1913 imposterum
961 1849 1022 1914 per
1038 1825 1215 1914 praedictos
1233 1827 1330 1890 Prin-

174 1911 324 1997 cipalem,
340 1913 446 1977 Socios
461 1923 495 1977 et
509 1913 677 1993 scholares,
694 1923 727 1977 et
740 1936 934 1978 successores
948 1936 1032 1993 suos,
1044 1912 1257 2000 procurandis
1271 1924 1330 1977 aut

174 1997 369 2064 obtinendis.
417 1999 492 2063 Non
507 2000 713 2064 obstantibus
731 1999 817 2065 male
842 2000 1048 2079 nominando,
1064 1999 1117 2064 vel
1137 1999 1223 2063 male
1247 2000 1328 2063 reci-

174 2083 275 2149 tando
298 2094 357 2150 aut
371 2107 437 2150 non
451 2085 626 2165 recitando,
642 2086 800 2173 praedicta
813 2086 905 2166 situs,
921 2085 1045 2164 domos,
1062 2096 1096 2150 et
1111 2094 1229 2149 caetera
1243 2107 1326 2168 prae·

173 2171 271 2234 missa
284 2172 436 2258 superius
448 2191 509 2255 per
529 2183 706 2258 praesentes
727 2191 955 2258 praeconcessa,
971 2180 1033 2235 aut
1045 2170 1246 2234 mentionata
1260 2169 1330 2235 fore

174 2279 329 2336 concessa,
356 2267 416 2321 aut
439 2257 586 2343 aliquam
611 2256 689 2320 inde
713 2266 841 2342 partem
868 2257 937 2320 sive
959 2255 1142 2342 parcellam.
1190 2257 1235 2320 Et
1263 2278 1329 2321 non

172 2344 380 2408 obstantibus
391 2342 476 2406 male
488 2341 664 2419 recitando,
680 2342 765 2405 male
785 2340 978 2405 nominando
993 2350 1052 2405 aut
1072 2363 1136 2404 non
1152 2342 1327 2422 recitando,

173 2428 308 2513 aliquod
330 2426 462 2507 donum,
482 2425 702 2491 dimissionem
720 2427 789 2492 sive
813 2428 1055 2507 concessionem,
1078 2426 1119 2493 de
1142 2429 1327 2514 praemissis,

172 2515 225 2578 vel
249 2512 290 2576 de
314 2514 429 2597 aliqua
453 2513 529 2577 inde
553 2527 648 2599 parte
671 2513 739 2577 sive
762 2513 913 2599 parcella,
929 2514 971 2578 de
989 2514 1121 2579 recordo
1135 2516 1189 2579 vel
1203 2537 1268 2578 non
1284 2515 1327 2580 de

172 2599 314 2676 recordo,
340 2607 400 2662 aut
414 2598 510 2663 aliter
525 2599 797 2686 qualitercunque
813 2599 947 2664 antehac
962 2601 1083 2665 factum
1092 2601 1242 2665 existens.
1282 2601 1328 2666 Et

173 2706 237 2749 non
259 2685 410 2749 obstante
433 2684 520 2749 male
548 2684 743 2749 nominando
772 2695 832 2750 aut
859 2708 925 2750 non
953 2686 1152 2750 nominando
1180 2685 1327 2769 aliquam

173 2771 296 2849 villam,
310 2769 515 2849 hamlettam,
530 2770 724 2857 parochiam,
737 2771 843 2836 locum
860 2772 913 2835 vel
935 2772 1134 2842 comitatum,
1153 2771 1189 2834 in
1205 2772 1327 2856 quibus

171 2857 349 2944 praemissa,
366 2866 425 2921 aut
439 2856 552 2939 aliqua
566 2857 644 2921 inde
658 2857 808 2944 parcella,
824 2856 969 2922 existunt
982 2857 1035 2920 vel
1049 2857 1170 2921 existit.
1205 2856 1249 2918 Et
1262 2879 1326 2921 non

170 2946 320 3008 obstante
334 2943 422 3026 quod
433 2941 476 3008 de
484 2943 667 3008 nominibus
677 2944 869 3022 tenentium,
880 2941 1097 3007 firmariorum
1111 2942 1179 3007 sive
1193 2964 1326 3091 Ἢ(-

172 3041 289 3108 torum,
302 3038 473 3108 terrarum,
490 3039 751 3095 tenementorum
771 3040 805 3094 et
826 3029 1170 3094 haereditamentorum
1187 3050 1228 3114 pr
1281 3029 1325 3092 ic-

173 3124 293 3194 torum,
308 3137 366 3179 seu
381 3115 566 3201 aliquorum
579 3117 832 3202 praemissorum,
849 3116 902 3180 vel
916 3115 1052 3199 alicujus
1067 3113 1142 3178 inde
1166 3113 1325 3201 parcellae,

171 3223 258 3279 vera,
270 3200 369 3286 plena
377 3208 411 3264 et
419 3211 516 3280 certa,
524 3223 587 3265 non
596 3203 632 3266 fit
641 3203 773 3267 mentio.
819 3204 863 3265 Et
871 3223 934 3265 non
944 3201 1151 3266 obstantibus
1160 3200 1326 3286 aliquibus

171 3287 354 3351 defectibus
376 3286 419 3350 de
442 3286 649 3365 certitudine,
676 3287 728 3351 vel
751 3286 989 3374 computatione
1011 3297 1071 3352 aut
1095 3287 1324 3364 declaratione,

171 3373 241 3437 veri
256 3372 405 3436 annualis
419 3371 537 3436 valoris
549 3372 796 3458 praemissorum,
813 3383 872 3437 aut
893 3373 1030 3458 alicujus
1052 3372 1129 3437 inde
1149 3373 1253 3458 partis
1271 3373 1325 3438 vel

171 3458 331 3546 parcellae,
342 3467 400 3522 aut
411 3451 603 3522 annualium
613 3458 806 3523 reddituum
818 3469 1055 3523 reservatorum
1067 3459 1116 3538 de,
1127 3459 1160 3522 in
1170 3468 1204 3523 et
1215 3481 1324 3607 supler,

194 3545 346 3624 raemissa,
362 3545 414 3608 vel
434 3544 486 3624 de,
502 3545 535 3609 in
552 3554 586 3609 et
608 3564 716 3630 super,
740 3545 884 3633 aliquam
904 3544 979 3609 inde
1000 3547 1183 3631 priscellam,
1208 3545 1241 3607 in
1285 3546 1325 3609 iis

170 3568 276 3696 literis
291 3631 410 3696 nostris
423 3631 614 3716 patentibus
628 3653 782 3718 expressa
796 3641 831 3695 et
846 3640 1006 3696 contenta.
1053 3634 1099 3696 Et
1113 3653 1175 3695 non
1190 3632 1325 3695 obstan-

170 3718 257 3782 tibus
267 3717 678 3782 statutisinParliamcnto
686 3717 810 3782 domini
819 3717 955 3781 Henrici
964 3739 1070 3803 nuper
1081 3717 1184 3804 Regis
1193 3717 1324 3804 Anglioe

172 3804 267 3883 sexti,
283 3803 490 3868 antecessoris
504 3803 617 3882 nostri,
633 3825 718 3867 anno
732 3803 827 3890 regni
841 3804 893 3866 sui
906 3803 1030 3866 decimo
1046 3813 1158 3868 octavo
1172 3803 1268 3867 factis
1291 3817 1325 3866 et

171 3890 279 3956 editis.
324 3889 373 3954 Et
399 3912 462 3954 non
485 3889 691 3954 obstantibus
715 3889 882 3977 aliquibus
906 3889 979 3952 aliis
1002 3888 1183 3954 defectibus
1206 3889 1240 3952 in
1263 3888 1326 3952 hiis

170 3977 274 4041 literis
299 3975 417 4041 nostris
442 3975 635 4074 patentibus
658 3976 816 4040 contentis
841 3975 1100 4062 quibuscunque.
1158 3977 1208 4040 Eo
1236 3975 1325 4074 quod

171 4085 323 4149 expressa
350 4073 484 4142 mentio,
515 4061 575 4126 dcc.
618 4061 718 4128 Teste
747 4061 850 4149 Rege,
880 4061 971 4148 apud
988 4060 1323 4140 Westmouasterrum,

169 4152 274 4237 primo
288 4148 342 4213 die
357 4148 382 4212 J
384 4147 462 4214 unii.

212 4264 280 4327 Per
295 4263 379 4326 breve
392 4264 429 4325 de
438 4262 563 4346 privato
578 4261 689 4347 sipillo,
706 4264 757 4342 dcc.

553 4467 938 4482 m
