3022 4874
453 270 1039 358 Stotutestfflesuscollepe,01ford.
1280 267 1322 332 75

170 438 206 502 in
236 435 361 501 dictum
391 434 563 523 collegium
600 442 759 521 tanquam
797 434 909 498 Socius
945 431 1133 520 recipiatur,
1163 430 1225 495 nisi
1262 452 1323 517 per

170 523 392 609 Principalem
431 533 465 588 et
495 526 652 608 majorem
680 530 809 607 partem
841 520 1008 584 Sociorum
1036 519 1071 582 in
1097 516 1325 582 Universitatc

171 609 383 696 praesentium
409 630 539 672 rursum
562 607 660 672 fucrit
684 607 862 685 admissus3
886 605 1038 690 quodque
1060 604 1215 683 nullus,a
1239 602 1325 667 dicto

171 695 310 782 collegio
328 704 464 783 propter
484 693 605 758 crimen
628 691 763 778 aliquod
786 715 804 758 e
851 693 950 763 uisus,
969 713 1075 776 neque
1098 690 1144 754 sic
1168 698 1324 774 tanquam

174 781 287 846 Sosius
302 782 357 846 vel
370 802 434 845 non
450 781 562 844 Socius
577 780 630 844 vel
645 780 791 868 serviens
846 780 1011 845 mittatur.

253 929 402 993 3l.-De
415 950 537 994 numero
553 926 719 1007 Sociorum,
735 932 764 993 si
777 931 1008 1013 mcessefaerit,
1023 927 1227 991 diminuendo.

216 1036 305 1115 Quia
320 1038 354 1102 in
368 1039 503 1103 statutis
518 1039 649 1125 collegii
667 1037 816 1138 praedicti
830 1038 917 1103 facta
932 1049 983 1103 est
998 1036 1148 1124 specialis
1165 1035 1326 1100 ordinatio

173 1122 214 1188 de
230 1146 296 1189 uno
312 1124 506 1211 Principali,
523 1134 559 1189 et
577 1124 715 1189 sedecrm
733 1126 842 1204 Sociis,
860 1135 895 1190 et
913 1124 1051 1188 sedecim
1065 1121 1278 1200 scholaribus,
1295 1123 1322 1185 si

171 1211 301 1298 collegii
329 1210 481 1275 redditus
511 1210 554 1275 ad
577 1233 676 1275 onera
703 1212 930 1299 supportanda
962 1233 1025 1274 non
1052 1208 1227 1282 sufficiant,
1257 1217 1324 1271 sta·
1337 1224 1488 1271 Diminuam

172 1297 296 1360 tuimus
306 1307 341 1362 et
351 1297 539 1361 ordinamus
550 1318 589 1362 ut
602 1320 758 1362 numerus
773 1298 942 1361 Sociorum
955 1308 989 1361 et
1004 1295 1214 1369 scholarium,
1221 1299 1324 1380 juxta
1336 1284 1479 1390 ἓξῐιῗξζζοῗ

172 1381 399 1447 discretionem
415 1383 614 1469 Principalis
631 1394 665 1449 et
679 1383 846 1447 Sociorum
860 1383 913 1446 vel
927 1381 1060 1466 majoris
1078 1381 1183 1466 partis
1204 1401 1324 1444 eorun·
1376 1399 1379 1402 ⁴

173 1467 259 1547 dem,
272 1492 314 1533 ex
322 1492 474 1534 consensu
489 1469 690 1547 Visitatoris,
725 1491 760 1532 er
772 1468 905 1551 aliquod
920 1479 1052 1554 tempus
1061 1466 1212 1531 imminui
1248 1465 1325 1530 ossit

174 1554 404 1619 adnumerum
428 1554 644 1619 facultatibus
664 1491 743 1617 colle
768 1554 793 1617 ii
817 1563 1061 1640 congruentem,
1084 1563 1199 1639 utque,
1223 1489 1326 1616 donec

173 1640 347 1705 facultates
362 1641 537 1705 antedictae
553 1640 596 1704 ad
610 1577 770 1724 ejusmodi
789 1662 946 1704 summam
961 1650 1153 1716 excrescant,
1168 1647 1207 1702 ut
1230 1637 1327 1724 pleno

173 1727 340 1791 Sociorum
356 1748 491 1791 numero
502 1733 603 1814 juxta
617 1734 725 1790 ratam
744 1727 888 1811 aliquam
928 1725 1213 1812 roportionabilem
1236 1724 1327 1787 suffi-

174 1812 273 1886 ciant,
298 1813 374 1892 sint,
398 1835 459 1912 pro
477 1834 632 1876 mensura
654 1811 857 1888 facultatum,
881 1749 984 1897 aiiqui
1009 1811 1094 1875 Socii
1110 1809 1327 1960 stipendiarii,

175 1899 305 1963 residua
327 1899 409 1964 dict1
437 1900 564 1964 numeri
587 1909 684 1998 parte
707 1900 868 1964 existente
889 1899 931 1963 de
948 1898 1061 1977 Sociis,
1085 1899 1140 1983 qui
1186 1896 1329 1961 onerarii

174 1985 442 2058 nominabuntur,
471 1994 505 2050 ct
527 1986 613 2050 nihil
629 1986 837 2051 emolumenti
857 1985 986 2050 abonis
1001 1982 1082 2048 dicti
1096 1984 1225 2070 collegii
1247 1981 1328 2046 acci·

174 2071 288 2220 pient;
319 2072 475 2160 suffragia
499 2080 608 2137 tamen
631 2073 666 2137 in
685 2071 833 2159 eligendo
858 2070 1044 2157 Principali,
1064 2070 1164 2133 Sociis
1184 2081 1218 2133 et
1241 2068 1328 2134 scho-

188 2160 309 2233 ambus,
325 2158 506 2234 habebunt,
524 2160 553 2222 si
568 2168 748 2246 praesentes
763 2158 888 2221 fuerint
901 2157 935 2220 in
952 2156 1126 2220 academia.

499 2307 649 2370 32-120
664 2307 860 2370 seruientibus
874 2305 1001 2390 collepit‘.

222 2419 309 2483 ltem
324 2417 512 2488 statuimus,
526 2415 714 2480 ordinamus
730 2426 764 2480 et
775 2416 933 2489 volumus,
946 2413 1033 2498 quod
1048 2413 1178 2479 indicto
1192 2414 1329 2501 collegio
1342 2436 1430 2485 nasu
1439 2434 1488 2481 oft

178 2504 222 2567 sit
246 2526 331 2567 unus
352 2504 498 2567 moribus
521 2502 675 2580 honestis,
701 2501 805 2566 fidelis
830 2512 864 2567 ct
883 2501 1051 2580 discretus,
1076 2501 1132 2584 qui
1154 2501 1329 2567 obsonator
1341 2494 1471 2554 ¹¹¹⁸⁰⁰³P¹⁰·

178 2590 361 2667 vocabitur,
373 2589 471 2675 vulgo
481 2596 530 2652 “a
544 2590 691 2673 manciple
700 2587 733 2663 ,·”
750 2589 817 2673 qui,
833 2611 908 2652 cum
925 2588 1148 2674 supervisioue
1164 2588 1330 2652 senescalli

178 2676 272 2754 aulae,
289 2674 429 2760 singulis
452 2674 653 2760 septimanis,
670 2674 829 2738 victualia
843 2697 904 2760 pro
919 2673 1108 2738 communiis
1122 2674 1329 2759 Principalis,

178 2762 353 2836 Sociorum,
369 2760 571 2834 scholarium,
584 2770 619 2824 et
635 2759 771 2824 aliorum
794 2760 829 2823 in
844 2760 980 2846 collegio
999 2758 1199 2845 degentium,
1218 2781 1332 2823 nume-

177 2859 252 2912 rata
276 2849 414 2933 pecunia
438 2855 534 2910 emet.
580 2846 693 2929 Atque
716 2846 905 2910 immediate
928 2854 1002 2931 post
1026 2844 1184 2928 cujusque
1210 2843 1332 2908 hebdo-

177 2935 283 2998 madae
292 2935 399 3013 finem,
410 2956 516 2997 coram
534 2933 712 3019 Principali
723 2941 783 2997 aut
792 2931 1059 3018 Viceprincipali‚
1072 2930 1223 2994 burserio
1233 2931 1332 2995 etiam

178 3029 213 3084 et
228 3020 404 3084 senescallo
418 3020 568 3107 praefato,
584 3030 770 3105 computum
794 3028 828 3083 et
852 3019 1012 3084 rationem
1035 3017 1078 3081 de
1103 3016 1250 3081 omnibus
1273 3038 1333 3103 per

178 3104 498 3191 ipsumhebdcmada
507 3107 565 3171 illa
573 3107 690 3191 emptis
699 3105 825 3170 reddet.
858 3105 973 3192 Hujus
983 3126 1109 3188 quoque
1119 3103 1334 3190 erit,singulis

76 3270 78 3273 Ι
178 3191 421 3270 refectionibus,
431 3191 466 3254 in
481 3192 617 3275 coquina
633 3200 751 3277 presto
763 3214 848 3269 esse3
864 3192 892 3255 si
901 3191 982 3275 quid
991 3191 1057 3254 cibi
1066 3190 1100 3253 in
1109 3191 1245 3272 coquina
1260 3191 1333 3253 bat·

180 3275 362 3342 tellandum
374 3279 525 3363 supersit,
534 3298 646 3362 promo
657 3279 769 3341 statim
779 3277 918 3357 tradere,
929 3287 970 3341 ut
980 3277 1013 3340 in
1022 3275 1222 3340 commodum
1238 3275 1333 3339 colle-

180 3364 227 3450 gii
241 3363 355 3428 cedat:
379 3362 532 3445 denique,
546 3364 580 3425 in
595 3363 743 3426 omnibus
782 3386 834 3427 uae
849 3363 892 3426 ad
907 3363 966 3426 hoc
980 3384 1098 3426 munus
1114 3371 1264 3447 spectare
1283 3361 1334 3424 vi-

181 3451 364 3528 debuntur,
381 3449 527 3512 burserio
541 3448 686 3512 fideliter
701 3386 844 3513 obediat.
892 3449 988 3528 Item,
1004 3449 1157 3512 volumus
1174 3459 1214 3513 ut
1231 3449 1276 3513 sit
1299 3448 1333 3510 in
1346 3473 1488 3521 rhabutler

207 3535 407 3622 romptuario
421 3534 504 3600 dicti
519 3535 650 3619 collegii
666 3558 752 3598 unus
767 3557 909 3623 promus,
921 3536 980 3621 qui
994 3535 1030 3598 in
1044 3535 1280 3620 promptuario,
1292 3533 1335 3599 ad

181 3561 435 3687 deserviendum
451 3620 638 3707 Principali,
650 3621 749 3685 Sociis
764 3631 797 3686 et
810 3622 1022 3700 scholaribus,
1033 3621 1179 3707 ejusdem
1194 3619 1334 3708 collegii,

176 3710 305 3795 jugiter
319 3707 438 3772 debeat
454 3707 543 3771 horis
556 3708 710 3793 congruis
728 3730 930 3794 permanere,
946 3717 990 3785 et,
1006 3730 1048 3771 ne
1066 3707 1145 3791 quid
1155 3708 1190 3771 in
1206 3707 1337 3792 collegii

183 3795 415 3860 detrimentum
429 3804 649 3871 consumatur,
663 3793 844 3878 providere.
883 3793 1024 3858 Librum
1035 3793 1336 3876 quoquerationum

183 3883 326 3945 omnium
341 3881 375 3944 in
389 3903 447 3944 suo
461 3880 564 3945 officio
575 3890 837 3965 consumptarum
851 3880 993 3944 fideliter
1009 3880 1182 3959 custodire,
1199 3889 1233 3942 et
1248 3880 1282 3944 in
1297 3901 1336 3943 eo

183 3965 1337 4052 quodjustumetaequumsitimponere3praeterea,corumomniumquae

183 4054 219 4116 in
233 4053 496 4140 promptuarium
511 4051 714 4131 deferuntur,
731 4062 846 4138 utpote
861 4051 966 4137 panis,
979 4062 1088 4136 potus,
1101 4051 1223 4136 butyri,
1239 4052 1336 4129 casei,

184 4140 386 4222 aliorumque
400 4138 594 4203 victualium
608 4149 643 4203 et
657 4139 919 4209 necessariorum,
934 4137 1074 4224 singulis
1089 4137 1285 4223 septimanis,
1302 4147 1337 4201 et

185 4225 285 4289 ctiam
298 4225 334 4288 in
349 4225 414 4288 fine
429 4225 587 4308 cujusque
602 4225 745 4304 termini,
762 4235 801 4288 ut
810 4247 891 4310 opus
903 4223 972 4288 fore
985 4223 1162 4295 videbitur,
1178 4223 1336 4286 rationem

185 4309 330 4374 reddere.
365 4310 406 4374 In
416 4311 554 4396 coquina
562 4333 638 4376 vero
646 4312 796 4375 volumus
805 4310 892 4396 quod
900 4310 943 4374 sit
952 4332 1038 4373 unus
1048 4331 1169 4392 coquus
1178 4308 1335 4406 superior,
1350 4339 1402 4386 The
1413 4339 1486 4387 eook.

186 4395 243 4478 qui
264 4396 427 4460 victualia·
444 4407 480 4461 ct
508 4397 704 4461 communias
728 4408 828 4477 curet,
854 4406 889 4461 et
913 4395 1097 4460 obsonatori
1125 4393 1280 4482 praedrcto
1303 4404 1337 4459 et

186 4481 367 4546 senescallo
380 4482 415 4546 in
430 4483 648 4568 emptionibus
662 4483 841 4550 eorundem
857 4483 1008 4559 assistat3
1022 4503 1169 4566 unusque
1185 4480 1270 4545 alius
1284 4480 1339 4546 vel
