3022 4874
172 110 214 173 54
455 106 591 171 &uetes
605 112 644 191 of
652 109 744 171 Jerus
762 106 889 191 Collcyc,
909 105 1038 192 Opere.

172 288 233 353 per
256 264 344 351 ipsos
370 261 425 330 vel
448 284 561 328 corum
586 262 728 328 alterum
750 262 959 349 imponenda.
1019 263 1192 345 Volumus,
1219 264 1345 345 etiam,

172 349 261 439 quod
275 371 384 416 omnes
409 348 602 434 supradicti,
625 355 844 436 cujuscunque
870 350 995 435 gradus
1014 348 1148 428 fuerint,
1169 350 1345 416 concioni·

173 438 237 502 bus
269 435 313 499 ad
336 434 460 498 clerum
491 434 662 510 habendis,
686 458 808 501 necnon
831 436 970 521 publicis
994 435 1150 520 precihus
1180 437 1219 501 in
1247 437 1344 501 Aca·

173 522 282 587 demia
298 519 508 601 celebrandis,
525 520 664 607 aliisque
683 520 803 587 divinis
823 522 950 587 actibus
969 531 1004 585 et
1021 520 1224 587 scholasticis
1241 544 1345 589 exer·

174 608 261 673 citiis
275 606 435 687 omnibus,
448 605 618 673 habitibus
626 607 770 706 ipsomm
783 607 902 694 gradui
912 606 1186 692 competentibus,
1200 610 1347 707 quoties

176 703 304 759 statute
332 691 505 757 academias
533 692 567 758 id
597 704 743 780 exigunt,
772 691 890 761 induti.
922 693 1077 758 intersint
1105 715 1126 756 a
1162 694 1345 780 prrucipio

176 801 282 866 usquc
298 778 340 845 ad
355 777 462 849 linem,
473 777 690 863 Principalem
705 787 774 854 aut,
795 801 834 843 eo
857 779 1005 849 absente,
1023 777 1345 865 Viceprincipalem,

179 875 343 964 utsupra
373 862 499 927 dictum
528 874 587 942 est,
617 863 694 928 illuc
722 864 921 928 comitantes.
974 863 1023 928 Et
1060 886 1261 951 quanquam
1297 866 1343 931 de

62 971 69 987 ·
176 953 316 1036 privatrs
331 949 484 1036 precibus
505 949 614 1014 minus
632 972 717 1036 opus
733 972 802 1014 esse
827 950 1018 1014 confidimus
1042 950 1148 1014 multa
1168 960 1340 1029 statuere,

177 1038 285 1100 visum
325 1045 438 1100 tamen
466 1045 516 1099 cst
544 1036 627 1100 hanc
666 1036 813 1122 regulam
851 1036 1069 1121 praescriberc,
1102 1046 1140 1101 ut
1172 1037 1342 1103 nimirum

176 1122 384 1188 baccalaurei
412 1130 447 1185 et
478 1121 637 1187 scholares
665 1144 775 1187 omues
807 1144 872 1186 non
904 1121 1058 1208 graduati
1092 1122 1247 1209 quotidie
1275 1125 1342 1188 ubi

174 1209 375 1275 surrexerint
392 1208 517 1280 electo,
533 1207 626 1273 flexis
663 1208 789 1283 cuibus,
805 1208 851 1273 sic
865 1217 977 1273 orent:
993 1213 1013 1243 “
1024 1209 1123 1273 Pater
1136 1218 1264 1287 noster,
1277 1210 1342 1296 qui

174 1317 209 1358 cs
233 1295 267 1359 iu
291 1293 415 1374 coelis,”
442 1292 500 1357 &c
550 1293 635 1358 Dein
679 1293 795 1375 ,hanc
819 1294 917 1358 etiam
940 1295 1118 1360 orationem
1143 1293 1339 1393 adjiciente

174 1380 347 1445 “Domine
369 1388 492 1460 sancte,
519 1389 617 1466 pater
642 1381 858 1466 omnipotens,
873 1391 994 1444 aeteme
1018 1379 1119 1458 Deus,
1135 1400 1276 1464 quinos
1292 1381 1341 1447 ad

173 1466 273 1553 hujus
296 1467 363 1534 diei
377 1466 576 1554 principium
599 1465 774 1547 deduxisti,
793 1476 852 1530 tua
867 1488 925 1530 nos
938 1464 1036 1529 hodie
1050 1465 1198 1551 potentia
1220 1488 1338 1547 servs,

173 1561 208 1616 et
235 1552 430 1617 concedent
450 1551 607 1617 hodierno
631 1551 749 1618 dicad
770 1552 901 1617 nullum
922 1550 1119 1615 declinemus
1145 1559 1339 1637 peccatum,

174 1639 286 1701 necin
316 1637 422 1701 ullum
448 1637 655 1700 incurramus
677 1637 871 1723 periculum,
896 1635 955 1700 sed
981 1635 1023 1700 ad
1045 1645 1136 1700 tuam
1155 1637 1338 1723 justitiam

173 1721 338 1787 colendam
367 1720 471 1785 omnis
498 1732 610 1785 nostra
632 1723 716 1787 actio
740 1732 798 1788 tua
826 1722 1049 1787 moderatione
1073 1721 1248 1807 dirigatur,
1274 1746 1340 1810 per

176 1809 295 1873 Jesum
308 1806 477 1871 Christum
486 1804 665 1871 Dominum
673 1808 850 1872 nostrum.''
881 1808 990 1872 Noctu
1000 1808 1088 1883 item,
1102 1819 1285 1891 antequam
1299 1832 1337 1875 se

174 1916 288 1958 somno
311 1893 400 1967 dent,
425 1891 520 1957 flexis
550 1892 700 1978 genibus,
713 1894 773 1957 hac
793 1904 932 1958 utantur
955 1895 1125 1959 oratione:
1151 1896 1212 1956 “O
1228 1895 1340 1961 Pater

175 2002 262 2045 verae
285 1979 377 2057 lucis,
393 1978 449 2064 qui
464 1977 553 2043 diem
577 1978 701 2043 ornasti
716 1979 841 2044 coelesti
859 1981 941 2059 luce,
957 1990 992 2045 ct
1008 1989 1134 2045 noctem
1152 1980 1338 2047 illustrasti

175 2066 405 2152 splendoribus
427 2065 610 2144 stellarum,
634 2065 756 2151 quique
781 2066 816 2128 in
839 2065 953 2131 futuro
976 2067 1094 2130 seculo
1118 2067 1269 2151 requiem
1299 2078 1338 2135 et

174 2150 280 2216 lucem
295 2151 541 2238 ,sempiternam
570 2152 684 2216 electis
713 2153 779 2215 tuis
808 2153 1015 2238 praeparasti,
1048 2152 1200 2215 illumina
1230 2153 1338 2218 corda

175 2249 282 2301 nostra
309 2238 493 2322 cognitione
527 2239 676 2303 veritatis
704 2247 780 2318 tuae,
811 2250 846 2303 et
869 2258 1023 2302 conserva
1053 2239 1156 2302 vitam
1184 2249 1337 2305 nostram

175 2320 387 2399 inoffensam
410 2321 528 2385 exhibe
549 2323 641 2386 nobis
664 2326 752 2388 utin
777 2323 832 2387 die
857 2323 990 2387 honeste
1005 2324 1220 2401 ambulemus,
1237 2335 1339 2391 nocte

175 2410 229 2494 pie
246 2408 457 2490 quiescamus,
471 2417 505 2470 et
520 2429 581 2492 per
597 2417 631 2472 te
644 2408 707 2493 piis
722 2409 873 2495 operibus
889 2410 1089 2473 reluceamus
1104 2431 1210 2473 coram
1226 2408 1339 2474 homi-

177 2493 274 2557 nibus
286 2518 295 2569 ς
322 2502 361 2557 ut
392 2502 440 2573 tu,
462 2494 563 2557 Pater
584 2504 705 2573 noster,
733 2495 929 2580 glorificeris,
957 2496 1014 2581 qui
1038 2517 1153 2581 regnas
1176 2495 1210 2557 in
1234 2496 1338 2561 coelis

175 2580 413 2665 superomnia.
460 2579 601 2647 Amen.’'
644 2579 854 2647 Publicarum
880 2603 957 2644 vcro
981 2603 1112 2667 precum
1137 2580 1171 2642 in
1202 2581 1337 2667 capella

177 2665 401 2747 dicendarum,
412 2665 496 2730 intra
509 2665 605 2731 horas
615 2666 761 2750 quintam
773 2678 807 2731 et
822 2676 947 2732 sextam
962 2667 995 2731 in
1010 2689 1136 2741 aurora,
1149 2666 1213 2731 haec
1224 2666 1336 2733 forma

17 2784 28 2801 ··
45 2761 75 2808 of
81 2762 165 2823 publio
178 2761 257 2819 esto.
304 2752 425 2817 Psalmi
440 2776 479 2818 eo
505 2752 620 2817 ordine
635 2762 668 2817 et
693 2775 829 2817 numero
844 2753 992 2838 quotidie
1007 2754 1163 2839 legantur
1177 2753 1335 2837 quemad-

1 2821 77 2939 22¹}ss
178 2838 312 2903 modum
322 2838 357 2902 in
371 2839 456 2903 libro
469 2839 679 2925 publicarum
693 2861 827 2937 precum
845 2838 938 2937 regni
951 2839 1049 2925 hujus
1065 2838 1331 2924 distinguuntur,

176 2923 250 3073 ghoc
275 2933 406 2989 tautum
422 2925 602 3002 observato,
626 2933 739 3010 utqui
762 2924 880 3009 psalmi
896 2925 1091 3011 vespertinis
1114 2924 1265 3010 precibus
1282 2923 1334 2990 ibi

200 3011 383 3077 estinantur
398 3009 538 3075 secunda
557 3031 688 3094 quaque
712 3031 828 3073 aurora
850 3009 1081 3095 perlegantur)
1100 3032 1172 3075 cum
1187 3010 1333 3076 collectis

177 3095 211 3158 in
225 3096 289 3159 fine
312 3102 471 3182 cujusque
490 3095 608 3245 psalmi
623 3118 779 3160 summam
807 3095 911 3181 ipsius
934 3096 1055 3180 psalmi
1076 3096 1331 3177 contineutibus,

177 3203 244 3244 una
267 3203 341 3245 cum
363 3182 471 3246 tribus
523 3183 550 3245 is
575 3182 718 3247 collectis
740 3182 1035 3266 subsequentibus;
1061 3182 1259 3268 “Rogamus
1284 3191 1331 3264 te,

177 3266 320 3329 Domine
335 3265 418 3330 Jesu
444 3266 583 3345 Christe,
604 3277 643 3331 ut
669 3267 772 3332 afflati
793 3268 920 3353 Spiritu
935 3269 1071 3331 verbum
1096 3278 1192 3332 tuum
1214 3266 1330 3331 audia-

176 3374 251 3415 mus
267 3360 301 3414 et
315 3350 550 3429 custodiamus,
564 3352 686 3435 illoque
703 3353 877 3432 admoniti,
892 3363 1024 3438 peccata
1045 3364 1168 3432 nostra,
1188 3375 1328 3437 quorum

68 3444 71 3449 ’
176 3434 382 3521 stipendium
398 3458 483 3499 mors
506 3446 565 3510 est,
574 3436 794 3522 deplorantes,
810 3437 854 3500 ad
873 3447 917 3508 te,
934 3439 992 3522 qui
1015 3461 1048 3502 es
1070 3440 1139 3503 vita
1163 3449 1197 3503 et
1221 3461 1328 3504 resur-

177 3522 288 3601 rectio,
303 3544 406 3587 unum
427 3520 673 3606 confugiamus:
698 3533 743 3600 et,
768 3523 845 3605 quia
865 3524 994 3587 infinita
1017 3526 1162 3610 pericula
1182 3524 1332 3609 quotidie

176 3630 233 3672 nos
248 3607 506 3686 circumvallant,
516 3606 656 3670 concede
666 3617 704 3671 ut
713 3607 856 3694 Spiritus
867 3610 1046 3696 gemitibus
1055 3611 1329 3675 inenarrabilibus

176 3703 250 3758 oret
263 3713 325 3777 pro
340 3693 433 3757 nobis
448 3701 486 3757 ut
505 3701 645 3777 oportet,
662 3716 726 3777 quo
741 3694 904 3782 redempti
927 3696 1050 3782 gratias
1072 3697 1134 3760 tibi
1159 3698 1216 3761 uni
1239 3696 1331 3760 exhi·
1400 3760 1415 3771 „

176 3781 322 3854 beamus,
337 3800 509 3865 perquem
524 3800 625 3843 unum
640 3779 682 3843 ad
698 3802 757 3844 nos
775 3781 861 3845 'bona
875 3783 984 3846 omnia
1002 3782 1192 3848 deveniunt.
1239 3781 1327 3859 Quid

177 3865 264 3929 enim
284 3864 379 3929 aliud
393 3876 504 3929 nostra
517 3863 628 3949 inopia
643 3867 777 3952 poterit,
792 3891 891 3953 quam
914 3878 1026 3953 petere
1043 3891 1063 3931 a
1078 3878 1120 3947 te,
1137 3878 1172 3932 et
1186 3869 1329 3954 gratiam

176 3951 297 4015 habere
316 3949 378 4015 tibi
401 3973 461 4037 pro
475 3951 634 4049 acceptis?
682 3953 746 4017 Hic
771 3953 871 4017 honor
898 3966 949 4019 est
972 3954 1080 4019 cultus
1096 3954 1185 4018 Novi
1210 3954 1329 4019 Testa·

177 4037 290 4101 menti.
336 4035 478 4108 Deinde,
502 4060 579 4121 quia
604 4040 753 4103 membra
776 4062 889 4103 sumus
913 4039 1132 4127 corporisne,
1150 4050 1185 4104 et
1209 4061 1328 4103 unum·

178 4122 328 4207 quodque
344 4145 437 4187 snum
448 4145 541 4187 usum
557 4123 668 4204 habet,
685 4148 814 4189 oramus
823 4124 1010 4212 diligenter,
1022 4133 1061 4188 ut
1072 4126 1115 4189 ad
1131 4147 1224 4188 suam
1241 4125 1329 4208 quis·

178 4232 242 4291 que
258 4208 455 4272 vocationem
475 4218 609 4293 spectet,
626 4234 667 4274 ne
682 4221 866 4275 nostrarum
881 4211 1023 4295 partium
1040 4210 1180 4296 pertaesi,
1196 4211 1330 4275 curiosi-

177 4306 247 4359 tate
272 4295 344 4368 levi,
360 4316 432 4380 quae
457 4293 500 4358 ad
530 4295 611 4360 alios
639 4297 805 4382 pertinent
834 4318 1032 4381 occupemus,
1063 4307 1122 4361 aut
1148 4319 1190 4360 ne
1218 4298 1329 4382 potius
