3022 4874
454 245 591 311 Statulcs
606 246 645 328 cp
652 245 745 307 Josus
765 241 892 330 Oollrpr,
912 243 1041 328 chord.

286 464 413 530 7.—·De
426 466 555 528 solariis
569 465 776 548 Principalis,
795 463 954 529 Sociorum
967 475 995 528 ct
1009 464 1204 529 scholarium.

215 574 313 646 Quod
336 586 444 640 autem
460 576 503 641 ad
518 576 638 640 salaria
664 575 867 660 Principalis,
888 575 1054 638 Sociorum
1068 583 1103 637 et
1118 572 1320 652 scholarium,
1403 641 1410 653 ‚

171 660 302 748 collegii
330 665 460 741 attinet,
491 662 677 739 statuimus
705 661 894 725 ordinamus
922 669 957 724 et
982 660 1138 737 volumus
1161 659 1248 743 quod
1279 683 1319 722 ex
1333 641 1503 763 {fflffifffi

170 746 366 826 redditibus,
376 749 433 832 qui
444 749 654 812 incommune
669 747 881 825 conferentur,
897 747 1089 832 Principalis
1104 745 1229 828 quadra
1254 745 1322 810 inta
1334 758 1399 816 tows,
1412 759 1462 805 am

169 831 280 912 libras,
297 834 436 917 quilibet
456 834 568 900 Socius
594 857 659 898 non
683 832 878 899 honorarius
901 832 1023 919 viginti
1045 832 1157 902 libras,
1182 768 1450 915 qudibetwhfflm

171 917 324 983 scholaris
353 920 462 984 decem
491 921 604 999 libras,
642 941 701 1005 pro
730 919 931 998 communiis
958 917 1133 1003 stipendio,
1170 928 1204 982 et
1233 927 1324 981 veste

170 1002 320 1084 liberata,
358 1006 502 1093 singulis
536 1007 631 1070 annis
660 1004 703 1068 ad
732 1016 872 1089 quatuor
904 1004 981 1068 anni
1010 1003 1164 1068 terminos
1194 1003 1325 1067 usuales

169 1091 338 1177 percipiat,
350 1094 588 1179 quamprimum
596 1091 745 1156 redditus
761 1090 918 1155 antedicti
933 1089 977 1153 ad
991 1089 1171 1153 faciendam
1186 1098 1323 1166 tantam,

170 1176 396 1242 allocutionem
413 1179 582 1242 sufficient.
630 1177 764 1242 Interim
780 1199 867 1254 vero,
882 1176 1031 1241 volumus
1047 1186 1081 1241 et
1095 1175 1269 1239 statuimus
1285 1185 1325 1238 ut

100 1291 101 1294 ¹
171 1264 360 1328 antedictus
381 1263 591 1351 Principalis,
608 1264 697 1328 Socii
719 1273 754 1328 et
777 1263 948 1342 scholares,
970 1261 1171 1326 solummodo
1185 1270 1325 1338 tantum,

166 1347 268 1432 juxta
283 1351 524 1436 proportionem
539 1350 637 1415 modo
655 1360 873 1427 memoratam,
890 1372 933 1412 ex
949 1347 1132 1412 redditibus
1154 1346 1326 1411 antedictis

171 1435 342 1522 accipiant,
359 1447 518 1520 quantum
535 1436 635 1500 iidem
651 1434 810 1506 redditus,
827 1433 979 1520 expensis
1003 1433 1038 1496 in
1061 1433 1133 1519 lege
1150 1434 1235 1496 etin
1251 1432 1325 1495 aliis

171 1522 357 1584 necessariis
379 1523 533 1586 oneribus
557 1521 708 1585 deductis
732 1530 766 1584 et
789 1520 944 1598 allocatis,
968 1518 1051 1583 ferre
1076 1519 1210 1603 possint,
1231 1517 1326 1582 modo

171 1629 329 1670 summam
358 1608 582 1692 praescriptam
609 1629 673 1670 non
702 1604 851 1684 excedat,
883 1605 983 1669 donec
1020 1603 1192 1689 collegium
1225 1603 1326 1689 plene

172 1692 277 1757 fuerit
300 1702 516 1757 constructum
536 1702 570 1757 et
594 1691 841 1756 exaedificatum.
881 1691 977 1754 Tunc
996 1690 1082 1753 enim
1106 1690 1326 1776 permittimus

175 1778 354 1864 Principali
381 1789 415 1844 et
438 1779 549 1857 Sociis,
565 1778 619 1842 vel
642 1777 758 1861 majori
780 1776 869 1863 parti
890 1775 1079 1854 eorundem,
1105 1797 1146 1839 ex
1162 1797 1324 1839 'consensu

173 1863 372 1943 Visitatoris,
388 1865 492 1929 dictas
507 1864 723 1941 allocationes,
741 1863 915 1928 observata
924 1861 1133 1948 proportione
1150 1860 1323 1938 antedicta,

173 1972 304 2035 augere.
333 1951 475 2029 Provis0,
485 1950 573 2033 quod
584 1951 683 2015 tertia
693 1971 768 2036 pars
782 1972 915 2013 summae
924 1949 1024 2022 illius,
1040 1971 1124 2030 quae,
1135 1956 1209 2033 post
1223 1947 1324 2010 factas
1336 1981 1444 2026 Reserve
1453 1980 1495 2030 for

174 2035 378 2100 allocationes
428 2035 559 2101 raefatas
580 2047 615 2101 et
638 2058 799 2122 expensas
823 2036 858 2099 in
886 2035 959 2121 lege
983 2043 1019 2097 et
1042 2034 1114 2097 aliis
1137 2033 1324 2098 necessariis
1335 2039 1503 2085 extraordinsr

173 2123 325 2186 oneribus
349 2061 517 2202 defictas,
532 2123 707 2209 supererit,
727 2123 761 2185 in
779 2120 1026 2198 thesaurariam,
1043 2119 1087 2182 ad
1102 2141 1140 2181 su
1188 2117 1324 2182 ortanda
1335 2097 1446 2155 onager.

175 2230 273 2271 onera
302 2208 563 2273 extraordinaria
593 2219 626 2272 et
654 2206 871 2272 sublevandas
899 2215 1081 2292 temporum
1104 2203 1139 2267 di
1173 2204 1324 2280 cultates,

175 2305 210 2358 et
235 2295 346 2358 ruinas
370 2305 404 2358 et
428 2294 545 2358 damna
573 2295 732 2378 graviora,
763 2300 949 2377 reponatur.
995 2290 1061 2363 Qui
1082 2311 1158 2353 vero
1182 2290 1268 2353 Socii
1291 2299 1372 2363 etsa
1420 2317 1503 2375 aga,

175 2379 334 2445 scholares
348 2380 418 2444 loca
432 2380 491 2442 illa
503 2380 710 2464 occupabunt
725 2401 797 2460 quae
809 2375 993 2441 benefactor
1007 2375 1126 2459 aliquis
1139 2374 1326 2440 redditibus
1335 2376 1366 2421 Οἳ
1390 2376 1470 2447 ῡὶᾱθΐὲ
1479 2376 1503 2420 0¹

177 2475 236 2529 aut
253 2465 363 2529 fundis
383 2465 570 2550 specialiter
592 2463 764 2538 dotaverit,
784 2463 958 2527 statuimus
980 2470 1014 2526 et
1029 2462 1189 2534 uolumus,
1207 2472 1247 2527 ut
1261 2462 1322 2538 illi,
1337 2434 1503 2550 {filffiffl

176 2572 237 2635 pro
266 2552 333 2614 suis
362 2550 561 2629 communiis,
587 2549 759 2636 stipendiis
789 2558 823 2613 et
848 2549 994 2613 vestibus
1017 2547 1176 2627 liberatis,
1201 2551 1503 2613 tantambybenofaou

176 2637 325 2721 pecuniae
339 2658 495 2700 summam
520 2636 691 2722 accipiant,
708 2645 864 2718 quantam
881 2634 982 2699 iidem
1004 2633 1225 2699 benefactores
1245 2635 1327 2720 ipsis

177 2721 423 2807 persolvendam
447 2725 663 2797 constituent;
692 2720 755 2783 nisi
777 2721 861 2786 forte
882 2721 970 2783 dicta
999 2742 1124 2783 summa
1151 2719 1257 2783 minor
1282 2719 1327 2783 sit

179 2831 276 2890 quam
297 2808 365 2887 illa,
382 2831 455 2892 quae
471 2807 573 2871 Sociis
596 2818 631 2872 et
647 2806 850 2870 scholaribus
873 2805 1009 2889 reliquis
1025 2827 1069 2867 ex
1087 2803 1269 2868 redditibus
1291 2805 1327 2867 in

177 2916 345 2960 commune
368 2894 494 2959 collatis
513 2894 697 2980 pendetur;
727 2893 762 2956 in
785 2915 851 2975 quo
866 2914 952 2970 casu,
975 2891 1124 2955 volumus
1146 2900 1186 2953 ut
1201 2912 1327 2954 summa

178 2981 221 3043 ab
235 2979 424 3064 hujusmodi
446 2980 709 3044 benefactoribus
727 2979 806 3066 ipsis
825 2978 1002 3043 constituta
1016 2975 1059 3040 ad
1081 2975 1171 3038 illam
1188 2974 1326 3039 alteram

178 3087 221 3128 ex
231 3067 327 3130 modo
343 3067 531 3130 memoratis
539 3066 727 3130 redditibus
741 3065 959 3152 adaugeatur.
1004 3062 1221 3139 Communias,
1237 3083 1478 3141 ver0,1),d„,fi„,

178 3161 217 3215 ut
241 3152 397 3215 nolumus
422 3175 443 3216 a
466 3175 628 3236 quoquam
656 3152 738 3216 alibi
765 3174 862 3235 quam
884 3152 919 3214 in
943 3149 1019 3217 aula
1042 3146 1175 3235 percipi,
1198 3148 1261 3211 nisi
1283 3149 1326 3210 ab
1337 3151 1402 3198 from
1412 3154 1503 3199 alaris

179 3237 231 3315 fis,
261 3238 378 3320 qulbus
406 3236 611 3321 Principalis,
642 3247 700 3300 aut
733 3260 772 3301 eo
803 3238 937 3300 absente
967 3234 1253 3382 Viceprincipalis
1283 3255 1326 3297 ex
1337 3211 1376 3256 f⁰‘
1387 3224 1503 3259 ⁰⁰¹¹¹m⁰m

178 3345 277 3387 causa
289 3323 401 3407 aliqua
415 3333 566 3408 urgente,
580 3322 743 3386 licentiam
757 3321 886 3386 dederit
905 3321 954 3386 ita
967 3319 1109 3386 faciendi
1134 3342 1154 3384 a
1192 3320 1328 3403 aliquod

179 3418 329 3495 tempus;
366 3409 414 3472 ita
442 3408 618 3472 statuimus
646 3409 745 3471 ctiam
772 3416 806 3471 et
834 3406 1034 3485 ordinamus,
1064 3414 1104 3470 ut
1129 3428 1172 3469 ex
1200 3406 1328 3469 salariis

180 3494 386 3581 Principalis
405 3494 570 3559 Sociorum
586 3501 621 3557 et
636 3492 840 3567 scholarium,
855 3491 935 3557 dicti
949 3492 1080 3578 collegii
1099 3491 1159 3557 fiat
1174 3490 1330 3557 deductio

178 3604 240 3667 pro
255 3581 445 3646 communiis
457 3581 534 3658 suis,
546 3585 647 3665 juxta
659 3588 765 3643 ratam
774 3588 981 3662 sequentem3
1004 3577 1169 3657 videlicet,
1186 3578 1328 3662 quinque

179 3667 354 3732 solidorum
372 3667 484 3751 quavis
501 3666 681 3753 septimana
704 3687 765 3752 pro
781 3665 971 3729 communiis
992 3663 1207 3749 Principalis3
1229 3665 1328 3728 trium

180 3753 359 3819 solidorum
374 3765 408 3818 et
427 3761 567 3836 quatuor
591 3751 796 3816 denariorum
818 3751 931 3833 quavis
955 3749 1138 3836 septimana
1162 3772 1224 3836 pro
1245 3773 1329 3814 com-

177 3841 303 3904 muniis
329 3839 433 3916 Socii3
456 3838 597 3902 duomm
620 3836 798 3902 solidorum
824 3836 938 3919 quavis
963 3835 1142 3936 septimana
1162 3858 1223 3921 pro
1245 3859 1329 3899 com-

182 3927 302 3990 muniis
332 3925 502 3990 scholaris:
541 3933 644 4008 utque
679 3945 814 3986 summac
841 3944 902 4007 pro
934 3920 1030 3986 dictis
1060 3921 1250 3985 communiis
1284 3922 1329 3984 sic

182 4011 382 4078 deducendae
422 4013 457 4074 in
498 4011 650 4075 manibus
684 4008 828 4072 bursarii
861 4008 905 4071 de
945 4017 1092 4094 tempore
1129 4007 1164 4070 in
1199 4016 1329 4092 tempus

181 4098 393 4173 retineantur,
414 4106 447 4160 et
462 4118 522 4182 pro
546 4105 643 4182 parte
664 4094 765 4158 soluti
784 4093 895 4158 salarii
909 4092 1103 4157 habeantur.
1150 4092 1195 4156 Et
1209 4102 1327 4169 tamen,
1340 4122 1478 4183 exception

182 4184 211 4247 si
236 4185 321 4266 quis,
342 4184 473 4247 licentia
487 4183 634 4261 obtenta,
657 4203 716 4266 per
741 4190 843 4244 totam
872 4179 1016 4262 aliquam
1040 4177 1254 4265 septimanam
1277 4177 1329 4240 vel
1339 4181 1429 4240 during
1438 4182 1480 4233 ab

183 4269 295 4353 plures
310 4269 461 4344 abfuerit,
477 4279 512 4332 et
532 4269 628 4333 initio
650 4268 839 4352 septimana·
852 4265 943 4328 illius
965 4265 1000 4327 in
1021 4286 1087 4348 qua
1105 4286 1139 4328 se
1159 4264 1329 4329 absentare
1340 4253 1420 4286 Μ

182 4355 352 4440 inceperit,
367 4355 421 4419 vel
436 4364 513 4419 ante
534 4354 629 4430 illud,
645 4353 793 4417 bursario
808 4375 843 4417 se
859 4352 906 4415 sic
921 4350 1112 4416 abfuturum
1127 4349 1329 4428 indicaverit,
1401 4380 1403 4385 ·

185 4463 248 4523 quo
267 4441 302 4505 in
316 4440 459 4506 emendis
478 4441 674 4507 victualibus
701 4438 786 4504 ratio
809 4439 901 4508 illius
914 4436 1073 4505 absentiae
1088 4435 1204 4505 haberi
1217 4436 1331 4523 possit,
