3022 4874
227 272 269 338 ld
604 270 697 332 Jesus
716 265 843 351 Callope,
864 263 992 349 chcrd.

223 442 369 529 pamella
384 450 418 506 et
432 439 626 518 membrum,
642 436 788 525 ejusdem
803 435 1039 500 Universitatis
1060 445 1265 521 caperentur,
1282 435 1385 523 adju-¹

223 529 410 592 dicerentur
425 537 460 590 et
473 535 601 603 essent3
624 546 661 589 ac
679 524 769 609 quod
792 523 944 588 omnibus
968 531 1002 586 et
1021 522 1159 607 singulis
1183 523 1378 622 privilegiis,

224 614 422 691 franchesiis,
439 613 704 676 immunitatibus
724 621 757 674 et
776 609 985 674 libertatibus
1005 608 1266 707 quibuscunque,
1283 610 1379 676 drctae

223 700 409 764 Academiae
430 699 499 764 sive
519 697 739 763 Universitati
760 718 827 760 suae
851 694 1038 773 Oxoniensr,
1063 716 1122 780 per
1152 718 1196 775 se,
1219 717 1277 760 seu
1303 719 1378 782 pro-

223 786 386 874 genitores
399 807 475 850 suos
491 784 600 871 Reges
611 784 743 869 Angliae
752 791 908 846 antetunc
917 780 1082 858 concessis,
1093 781 1193 845 libere
1203 792 1236 846 et
1251 781 1379 868 integre

222 872 407 958 gauderent
435 881 470 936 et
500 872 688 935 fruerentur
717 869 761 932 im
786 877 974 968 erpetuum.
1029 867 1079 931 Et
1100 877 1260 951 praeterea
1288 868 1378 933 dicta

222 980 326 1044 nuper
336 958 468 1046 Regina
476 956 684 1034 Elisabetha,
695 891 891 1019 deuiJerrori
903 952 1011 1039 gratia
1025 976 1095 1030 sua,
1112 953 1241 1019 dederit
1254 964 1289 1019 et
1304 977 1376 1020 con·

222 1045 363 1123 cesserit,
386 1054 420 1109 et
441 1065 503 1131 per
525 1042 656 1108 easdem
679 1042 792 1106 literas
815 1049 978 1126 patentes,
998 1061 1059 1125 pro
1073 1061 1107 1102 se
1131 1039 1320 1104 haeredibus
1343 1052 1379 1107 et

221 1131 457 1194 successoribus
485 1129 562 1208 suis,
583 1128 712 1194 dederit
740 1137 774 1192 et
804 1127 993 1190 concesserit
1022 1125 1167 1211 praefatis
1187 1126 1376 1213 Principali‚

223 1216 324 1280 Sociis
346 1226 381 1280 et
403 1216 615 1294 scholaribus,
642 1213 771 1301 collegii
795 1212 954 1299 praedicti,
979 1223 1013 1276 11
1037 1213 1272 1278 successoribus
1297 1216 1376 1287 suis,

222 1311 325 1366 totam
357 1302 448 1366 illam
479 1302 621 1375 domum,
646 1301 757 1378 situm,
782 1309 924 1384 septum,
949 1298 1120 1371 ambitum,
1147 1298 1318 1363 circuitum
1341 1315 1376 1365 11

220 1388 440 1486 praecinctum,
450 1387 544 1453 dictae
552 1409 657 1473 nuper
671 1386 776 1463 Aulae,
786 1386 968 1472 vulgariter
980 1394 1178 1470 nuncupatae
1186 1385 1377 1465 Whitehall‚

221 1495 255 1536 11
278 1474 366 1540 dicta
381 1475 515 1539 civitate
538 1474 609 1538 sive
633 1472 858 1537 Universitate
876 1471 1062 1541 Oxoniensi‚
1077 1493 1150 1535 cum
1173 1472 1325 1536 omnibus
1341 1485 1376 1538 et

218 1560 356 1645 singulis
371 1561 439 1624 suis
451 1561 591 1646 juribus,
607 1559 762 1622 membris
779 1569 814 1622 11
828 1557 1038 1644 pertinentiis
1054 1557 1229 1634 universis,
1246 1581 1283 1622 ac
1297 1580 1374 1622 cum

219 1648 370 1711 omnibus
386 1648 531 1732 antiquis
548 1644 741 1732 privilegiis,
758 1644 970 1708 libertatibus
985 1654 1019 1707 et
1034 1643 1148 1708 liberis
1163 1645 1374 1709 consuetudi-

219 1733 316 1795 nibus
340 1733 485 1818 ejusdem
513 1731 633 1796 Aulae:
661 1731 814 1795 ucetiam
838 1732 946 1794 omnia
968 1738 1003 1794 et
1025 1730 1155 1816 singula
1180 1732 1373 1818 messuagia,

218 1818 341 1888 domos,
374 1818 521 1897 aedilicia,
546 1825 739 1895 structuras,
766 1816 919 1902 capellas,
948 1825 1044 1890 tecta,
1068 1817 1254 1903 curtilagia,
1276 1819 1372 1898 atria,

218 1903 338 1983 hortos,
350 1904 508 1989 pomaria,
526 1902 669 1988 gardins,
685 1912 812 1988 stagna,
822 1903 957 1974 vivaria,
970 1924 1081 1986 aquas,
1093 1903 1257 1988 piscarias,
1268 1904 1375 1988 pisca·

217 1989 331 2061 tiones,
347 1990 475 2054 canales
490 2010 660 2075 aquarum,
676 1987 900 2074 aquaeductus,
920 1999 1051 2061 terram,
1067 1988 1205 2052 fundum
1219 1999 1254 2054 et
1268 1989 1373 2054 solum

217 2096 292 2140 cum
315 2077 534 2162 pertinentiis,
565 2075 649 2138 111111
671 2074 812 2139 eundem
836 2075 946 2149 situm,
978 2086 1118 2161 septum,
1142 2075 1315 2139 circuitum
1339 2087 1374 2142 et

218 2164 441 2248 praecinctum,
453 2161 600 2248 ejusdem
609 2183 713 2246 nuper
724 2159 829 2237 Aulae,
845 2161 1030 2247 vulgariter
1046 2170 1168 2226 vocatae
1179 2161 1372 2242 Whitehall‚

217 2258 279 2312 111
295 2270 371 2333 quae
382 2258 422 2312 ut
432 2270 519 2335 pars,
532 2248 673 2334 parcella
688 2269 745 2311 seu
760 2248 952 2326 membrum,
962 2245 1109 2333 ejusdem
1124 2249 1217 2320 situs,
1227 2249 1373 2313 ambitus

217 2335 464 2420 etpraecinctus,
476 2335 748 2411 111111111111111,
762 2342 919 2420 reputata
931 2356 989 2398 seu
999 2335 1169 2413 aestimata,
1182 2356 1256 2420 quae
1266 2357 1374 2421 nuper

219 2419 355 2484 fuerunt
367 2420 564 2506 Principalis
578 2430 614 2484 et
628 2420 821 2484 scholarium
836 2419 982 2505 ejusdem
996 2442 1103 2570 nuper
1115 2421 1215 2485 Aulae
1226 2422 1371 2508 vulgari-

218 2516 271 2570 ter
285 2514 408 2571 vocatae
423 2505 618 2585 Whitehall‚
641 2506 675 2568 in
691 2506 777 2570 dicta
799 2506 932 2570 civitate
955 2507 1024 2570 sive
1075 2507 1267 2573 niversitate
1282 2509 1372 2572 Oxe

218 2592 343 2656 niensi:
367 2613 406 2656 ac
421 2594 520 2657 etiam
543 2602 649 2656 toturn
666 2591 797 2670 vitrum,
816 2592 1000 2677 plumbum,
1017 2613 1055 2656 ac
1069 2594 1176 2658 omnia
1191 2616 1371 2681 campanas,

218 2699 307 2754 vasa,
319 2678 449 2764 jocalia,
462 2688 662 2752 ornamenta,
688 2676 853 2756 utensilia,
873 2679 968 2756 bena,
986 2679 1116 2751 catalla,
1138 2701 1190 2743 res
1205 2691 1241 2746 et
1256 2682 1371 2769 imple-

218 2777 332 2829 menta
356 2784 570 2851 quacunque,
596 2764 761 2851 praedictae
783 2786 888 2850 nuper
909 2764 1003 2828 Aula
1025 2775 1147 2830 vocatae
1163 2765 1370 2832 Whitehall:

216 2849 413 2929 habendum,
444 2850 621 2915 tenendum
642 2861 677 2916 11
702 2849 923 2938 gaudendum,
939 2851 1050 2915 omnia
1069 2851 1230 2936 praedicta
1252 2853 1368 2932 solum,

218 2937 367 3016 fundum,
383 2938 495 3016 situm,
511 2948 652 3024 septum,
669 2937 838 3015 ambitum,
855 2937 1028 3000 circuitum
1051 2947 1085 3000 11
1099 2937 1314 3021 praecinctum,
1332 2960 1369 3003 ac

217 3025 327 3088 omnia
348 3023 504 3109 praedicta
525 3024 721 3109 messuagia,
745 3024 936 3102 mansiones,
960 3022 1080 3100 domos,
1100 3021 1248 3095 aedilicia,
1272 3026 1368 3105 atria,

216 3118 409 3189 structuras,
424 3109 543 3188 hortos,
556 3110 713 3194 pomaria,
729 3109 876 3194 gardins,
893 3108 1028 3186 canales,
1038 3116 1166 3194 stagna,
1180 3110 1318 3184 vivaria,
1334 3135 1371 3176 ae

218 3205 340 3259 terram
353 3205 390 3260 11
404 3195 520 3275 solum,
536 3194 619 3258 infra
631 3195 778 3259 eundum
801 3197 912 3274 situm,
927 3215 1000 3258 cum
1015 3195 1167 3259 omnibus
1181 3208 1217 3261 11
1231 3197 1370 3284 singulis

218 3281 362 3367 antiquis
384 3281 578 3382 privilegiis,
593 3281 706 3345 liberis
731 3280 1023 3346 consuetudinibus
1038 3303 1076 3346 ac
1098 3281 1318 3362 libertatibus,
1334 3294 1369 3349 et

216 3372 432 3453 pertinentiis,
442 3388 506 3429 una
520 3387 594 3430 cum
604 3367 767 3452 predictis
781 3368 925 3452 plumbo,
935 3368 1030 3448 vitro,
1041 3369 1214 3455 campanis,
1223 3370 1367 3450 vasibus,

212 3453 385 3538 jocalibus,
401 3453 611 3527 ornamentis,
627 3453 730 3523 bonis,
747 3453 887 3531 catallis,
905 3455 1016 3532 rebus,
1032 3464 1068 3519 11
1083 3454 1313 3541 implementis,
1330 3478 1368 3519 ac

216 3541 341 3604 ceteris
353 3536 506 3602 omnibus
520 3548 554 3601 et
567 3538 707 3625 singulis
718 3540 893 3625 praemissis
907 3539 1056 3639 superius
1070 3541 1228 3626 expressis
1243 3551 1278 3606 et
1292 3563 1367 3627 spe·

215 3625 359 3702 cificatis,
375 3646 449 3688 cum
465 3643 576 3687 eorum
598 3625 805 3708 pertinentiis
820 3624 990 3704 universrs,
1006 3625 1156 3712 praefatis
1181 3627 1367 3715 Principali‚

218 3710 320 3774 Sociis
344 3721 381 3774 et
399 3709 613 3782 scholaribus,
637 3722 672 3776 11
695 3711 927 3775 successoribus
949 3713 1016 3775 suis
1043 3711 1301 3798 imperpetuum,
1324 3715 1368 3780 de

216 3795 355 3882 praefata
365 3817 471 3881 nuper
488 3797 627 3882 Regina,
643 3796 828 3861 haeredibus
843 3805 876 3861 et
890 3799 1125 3862 successoribus
1143 3798 1221 3880 suia,
1237 3800 1272 3864 in
1287 3801 1368 3866 libe·

215 3904 295 3962 ram,
319 3902 439 3968 puram
453 3892 490 3946 et
613 3893 705 3948 tuam
729 3883 967 3948 eleemosinam.
1014 3885 1059 3949 Et
1074 3885 1214 3950 ulterius
1228 3888 1368 3973 praefata

215 3991 320 4054 nuper
336 3967 464 4056 Regina
479 3905 574 4032 Eliia
618 3968 685 4042 tha,
702 3990 762 4054 per
776 3969 906 4032 easdem
920 3969 1032 4034 literas
1055 3991 1130 4034 suas
1144 3980 1304 4057 patentes,
1323 3974 1367 4039 ad

214 4055 373 4119 humilem
382 4054 573 4142 petitionem
585 4055 740 4141 Hugonis
750 4055 870 4140 Aprice
878 4055 989 4141 legum
999 4057 1163 4136 Docteris,
1175 4069 1210 4124 11
1217 4080 1279 4145 pro
1292 4082 1367 4124 con·

214 4141 418 4206 sideratione·
428 4141 461 4204 in
478 4141 603 4205 eisdem
617 4140 725 4206 literis
739 4142 930 4227 patentibus
939 4163 1114 4228 ¹errpressa,
1130 4146 1321 4210 concesserit
1331 4154 1367 4209 et

213 4227 379 4292 licentiam
404 4227 533 4292 dederit
556 4225 663 4291 eidem
686 4225 825 4312 Hugoni
848 4228 976 4313 Aprica
998 4228 1087 4313 quod
1109 4230 1189 4314 ipse,
1208 4229 1364 4310 haeredes,

214 4326 403 4379 executores
417 4324 454 4379 et
469 4313 625 4400 assignati
635 4312 696 4389 sui,
706 4315 861 4391 maneria,
872 4325 987 4394 terras,
998 4325 1193 4395 tenementa,
1205 4314 1364 4396 redditus,

213 4401 423 4474 reversiones,
440 4400 584 4470 servitia,
599 4397 764 4476 rectoriae,
780 4398 954 4484 portiones,
972 4401 1168 4481 annuitates,
1184 4411 1220 4466 et
1242 4403 1363 4483 omnia,

212 4494 247 4554 et
269 4487 454 4555 omnimoda
475 4485 543 4551 alia
565 4483 835 4553 haereditamenta
856 4495 892 4550 et
913 4488 1128 4572 possessiones
1150 4509 1365 4578 quaecunque,
