3022 4874
179 208 218 275 18
558 209 650 271 Jesus
669 205 797 292 Colleqe,
817 205 946 292 Otscrd.

175 384 316 451 Dederit
330 386 430 451 etiam
445 393 480 451 et
494 384 682 452 concesserit
696 386 837 472 praefata
850 406 958 472 nuper
977 385 1106 471 Regina
1119 383 1331 464 Elizabetha,

173 495 210 537 ac
224 495 286 559 pro
300 494 344 552 se,
361 472 547 538 haeredibus
562 483 595 538 et
610 474 844 537 successoribus
858 473 924 536 suis
941 469 1119 557 (quantum
1134 471 1168 534 in
1183 494 1218 535 se
1233 471 1330 556 fuit),

173 580 232 646 per
257 559 389 623 eusdem
411 559 523 624 literas
546 569 697 645 patentes
722 558 910 624 concesserit
937 568 973 622 et
1000 558 1168 623 licentiam
1198 557 1331 624 dederit

172 645 356 731 specialem,
372 645 554 732 cuicunque
570 668 716 733 personae
731 656 765 710 et
786 645 1036 732 quibuscunque
1059 644 1214 731 personis,
1238 645 1331 730 quod

173 731 247 816 ipsi,
263 730 417 811 haeredes,
434 742 620 797 executores
634 743 669 798 et
685 732 841 818 assignati
862 732 923 806 sui,
939 731 1093 806 maneria,
1108 740 1221 810 terras,
1238 741 1330 794 tene·

174 827 294 890 menta,
310 817 467 898 redditus,
482 818 699 898 mentiones,
714 819 856 892 servitia,
873 818 1035 888 rectoriae,
1095 817 1230 891 usiones,
1252 838 1332 902 por-

174 903 287 979 tiones,
301 905 495 981 annuitates,
512 927 550 969 ac
574 905 684 970 omnia
699 914 735 969 et
757 903 946 969 omnimoda
970 904 1036 968 alia
1050 839 1331 968 iissreditamenta

174 999 210 1055 et
344 991 350 1004 '
374 1013 432 1055 nes
441 1013 578 1077 quaecun
603 1013 656 1071 ue,
671 1002 740 1056 tam
755 991 937 1078 spiritualia
947 1012 1047 1076 quam
1061 989 1268 1076 temporalia,
1284 990 1330 1053 ad

174 1097 320 1140 sacrem
335 1077 547 1143 ducentarum
562 1013 720 1142 librarum
734 1100 794 1164 per
810 1099 930 1142 annum
946 1076 1034 1140 ultra
1047 1079 1157 1141 omnia
1177 1096 1276 1139 onera
1294 1086 1331 1140 et

175 1162 328 1249 reprisas,
345 1175 415 1228 tam
429 1164 471 1228 de
486 1163 582 1228 feodo
597 1187 657 1228 suo
680 1165 812 1250 proprio
834 1185 933 1250 quarn
957 1163 1073 1241 alieno,
1090 1161 1267 1226 dummodo
1286 1162 1330 1226 de

174 1248 264 1314 dicta
277 1271 384 1337 nuper
399 1250 536 1337 Regina,
551 1250 739 1314 haeredibus
752 1251 804 1314 vel
819 1249 1054 1314 successoribus
1069 1248 1146 1329 suis,
1159 1270 1224 1311 non
1239 1257 1330 1312 tene-

173 1346 288 1401 rentur
301 1336 491 1403 immediate
506 1338 541 1401 in
557 1337 677 1424 capite,
692 1335 744 1401 vel
764 1360 825 1424 per
848 1335 1016 1400 servitium
1037 1335 1188 1414 militare,
1204 1357 1263 1398 nec
1286 1334 1331 1398 de

174 1422 239 1485 alio
275 1444 335 1508 per
369 1424 542 1489 servitium
580 1424 731 1503 militare,
753 1423 899 1511 praelatis
934 1421 1122 1508 Principali‚
1160 1419 1260 1484 Sociis
1294 1430 1331 1486 et

172 1508 386 1580 scholaribus,
409 1520 444 1575 et
473 1512 709 1576 successoribus
732 1512 809 1582 suis,
834 1511 923 1589 dare,
955 1509 1138 1586 concedere,
1166 1509 1332 1594 assignare

172 1617 230 1658 seu
254 1595 377 1681 legare,
436 1607 523 1661 ssent
546 1619 604 1660 seu
628 1598 783 1675 valerent,
799 1609 859 1661 aut
881 1618 994 1660 eorum
1009 1596 1131 1682 aliquis
1148 1605 1257 1680 posset
1271 1616 1330 1656 seu

174 1680 321 1744 valeret:
351 1680 394 1742 ha
436 1681 513 1758 nda,
542 1681 685 1743 tenenda
711 1691 746 1745 et
771 1682 957 1766 gaudenda,
984 1681 1109 1744 eisdem
1140 1680 1329 1766 Principali,

172 1765 273 1828 Sociis
295 1774 328 1827 et
349 1761 561 1840 scholaribus,
575 1774 610 1828 et
623 1767 860 1828 successoribus
884 1767 954 1829 suis
979 1767 1236 1851 imperpetuum.
1284 1767 1331 1830 Et

172 1849 295 1913 eisdem
312 1848 502 1933 Principali‚
529 1849 629 1911 Sociis
653 1860 687 1913 et
710 1849 922 1929 scholaribus
939 1850 1030 1934 quod
1055 1851 1119 1934 ipsi
1141 1849 1330 1933 hujusmodi
1440 1861 1442 1864 '

172 1934 329 2004 maneria,
355 1945 467 2008 terras,
503 1943 698 2012 tenementa,
734 1933 896 2012 redditus,
933 1936 1144 2004 reversiones,
1181 1936 1330 2007 servitia,

173 2021 333 2099 rectoriae,
342 2019 523 2108 pensiones,
533 2020 707 2106 portiones,
716 2021 914 2099 annuitates,
927 2019 1198 2083 haereditamenta
1208 2029 1242 2082 et
1253 2041 1330 2103 pos-

172 2107 338 2186 sessiones,
350 2106 392 2171 ad
400 2107 542 2171 valorem
551 2106 766 2171 ducentarum
775 2107 934 2170 librarum
942 2127 1002 2192 per
1011 2127 1140 2180 aunum,
1153 2127 1173 2169 a
1184 2127 1327 2190 quacun-

172 2216 238 2280 que
253 2215 391 2279 persona
403 2204 438 2258 et
454 2194 706 2280 quibuscunque
720 2193 863 2279 personis
879 2214 919 2257 ea
933 2193 980 2256 eis
996 2191 1073 2255 dare
1089 2190 1143 2255 vel
1157 2191 1330 2259 concedere

173 2279 296 2343 volenti
309 2302 367 2343 seu
382 2280 577 2350 volentibus.
593 2280 738 2379 recipere
761 2289 904 2365 possent,
920 2286 955 2343 et
978 2288 1089 2343 tenere
1115 2279 1179 2341 sibi
1203 2278 1328 2342 eisdem

174 2365 361 2450 Principali,
372 2366 473 2428 Sociis
487 2377 522 2430 et
533 2366 743 2439 scholaribus,
754 2373 789 2430 et
804 2365 1041 2429 successoribus
1055 2365 1132 2442 suis,
1146 2364 1232 2428 sicut
1242 2386 1327 2451 prae·

173 2450 297 2514 dictum
306 2462 357 2517 est
364 2452 617 2537 imperpetuum,
628 2462 661 2515 et
670 2463 781 2517 tenore
790 2452 951 2517 dictarum
961 2451 1132 2515 literarum
1144 2452 1329 2535 patentium

172 2536 325 2601 similiter
354 2537 519 2602 licentiam
573 2559 609 2600 ro
639 2559 684 2616 se,
712 2537 899 2603 haeredibus
928 2549 961 2603 et
990 2538 1221 2602 successoribus
1250 2537 1328 2608 suis,

173 2623 304 2687 dederit
317 2624 500 2710 specialem.
546 2560 681 2688 §tetuto
696 2623 737 2688 de
754 2625 849 2688 terris
864 2635 897 2691 et
913 2625 1109 2689 tenementis
1129 2623 1173 2687 ad
1195 2644 1329 2687 manum

173 2719 334 2774 mortuam
357 2733 421 2776 non
444 2710 613 2796 ponendis,
636 2720 695 2774 aut
718 2712 830 2797 aliquo
854 2712 920 2775 alio
945 2722 1079 2782 statuto,
1095 2721 1181 2788 actu,
1196 2709 1329 2773 ordina-

172 2796 271 2870 tione,
295 2796 481 2883 provisione
503 2798 586 2861 sive.
604 2797 819 2876 restrictione,
846 2796 1078 2862 incontrarium
1104 2797 1201 2873 facto,
1226 2795 1329 2873 edito,

110 2909 112 2913 ’
172 2882 323 2948 ordinato
336 2905 394 2947 seu
409 2883 551 2969 provise,
566 2894 627 2948 aut
640 2883 754 2969 aliqua
769 2885 896 2962 aliare,
912 2905 1008 2947 eausa
1027 2883 1080 2946 vel
1096 2891 1234 2945 materia
1245 2902 1329 2966 qua·

171 2991 313 3054 cunque,
329 2991 394 3034 non
409 2970 572 3034 obstante.
617 2968 664 3033 Et
679 2967 741 3032 hoc
756 2971 880 3054 absque
900 2969 1013 3055 aliqua
1025 2967 1240 3054 inquisitione
1260 2967 1329 3032 sive

172 3056 342 3139 aliquibus
364 3055 646 3141 inquisitionibus,
670 3055 748 3118 inde
769 3065 939 3155 praetextu
964 3054 1102 3140 alicujus
1125 3054 1235 3117 brevis
1259 3054 1330 3117 sive

172 3140 319 3204 mandati
332 3141 397 3219 sui,
410 3152 469 3205 aut
485 3141 671 3230 aliquorum
685 3143 836 3206 hrevrum
851 3163 910 3204 seu
932 3139 1163 3204 mandatorum
1185 3162 1328 3216 suorum,

173 3236 233 3291 aut
256 3225 424 3291 haeredum
445 3227 499 3292 vel
522 3249 739 3292 successorum
760 3249 904 3299 suorum,
921 3227 962 3290 de
987 3233 1008 3264 ‘⁶
1019 3226 1076 3289 Ad
1100 3225 1190 3312 quod
1211 3227 1328 3309 damp-

173 3313 282 3388 num,”
292 3333 350 3376 seu
365 3313 501 3398 alicujus
513 3315 649 3379 alterius
662 3315 781 3390 brevis,
793 3311 943 3378 mandati
956 3335 1013 3378 seu
1025 3314 1182 3399 praecepti
1196 3312 1256 3387 sui,
1269 3321 1329 3375 sut

173 3396 341 3463 haeredum
355 3398 408 3462 vel
428 3421 644 3464 successorum
668 3422 810 3472 suorum,
832 3400 867 3463 in
890 3423 930 3464 ea
951 3410 1047 3486 parte
1069 3398 1192 3475 fiendis,
1217 3419 1329 3482 prose-

175 3483 315 3569 quendis
337 3504 395 3547 seu
417 3483 585 3563 habendis,
610 3494 668 3548 aut
694 3487 728 3548 in
754 3485 956 3550 Cancellaria
979 3509 1048 3556 sua,
1077 3482 1246 3548 haeredum
1276 3484 1330 3546 vel

174 3590 391 3634 successorum
404 3593 548 3648 suorum,
564 3592 621 3634 seu
636 3570 717 3633 alibi
734 3572 953 3648 retornandis,
970 3583 1004 3637 et
1019 3573 1143 3655 absque
1161 3569 1330 3656 aliquibus

173 3656 247 3720 aliis
260 3655 365 3720 literis
379 3657 446 3721 suis
460 3657 660 3742 patentibus,
672 3678 731 3720 seu
744 3659 913 3721 narrantis
928 3659 1004 3737 suis,
1020 3666 1079 3722 aut
1094 3656 1261 3721 haeredum
1275 3656 1329 3720 vel

173 3763 387 3807 successorum
409 3763 552 3820 suorum,
570 3741 620 3819 de,
637 3741 681 3821 iu,
696 3743 766 3808 sive
779 3765 837 3830 pro
854 3744 1028 3831 praemissis
1041 3743 1095 3808 vel
1111 3744 1224 3830 aliquo
1243 3765 1329 3829 prae-

173 3828 354 3908 missorum,
403 3828 617 3915 quovismodo
655 3829 878 3917 impetrandis,
915 3830 1075 3895 habendis
1110 3853 1169 3895 seu
1204 3828 1328 3894 fiendis.

173 3914 355 4014 Aliquibus
384 3915 531 3993 statutis,
560 3915 698 3980 actubus
725 3940 782 3981 seu
812 3917 1083 3994 ordinationibus,
1111 3917 1190 3981 inde
1218 3916 1329 3979 incon-

173 4010 313 4065 tranum
336 4001 466 4081 habitis,
491 4001 595 4082 factis,
611 3999 720 4081 editis,
735 4001 895 4069 ordinatis
917 4025 975 4067 seu
995 4003 1144 4090 provisis,
1160 4003 1194 4066 in
1217 4001 1330 4084 aliquo

172 4110 237 4152 non
252 4088 469 4154 obstantibus.
516 4089 675 4153 Nolentss
697 4089 787 4176 quod
824 4090 953 4154 raedicti
969 4089 1173 4176 Principalis,
1191 4086 1278 4150 Socii
1293 4093 1328 4148 et

173 4174 343 4251 scholares,
359 4175 411 4239 vel
425 4197 616 4239 successores
631 4177 691 4255 sui,
707 4187 767 4241 aut
788 4113 901 4262 aliqua
924 4176 990 4240 alia
1014 4196 1153 4262 persona
1175 4172 1228 4236 vel
1250 4192 1328 4256 per-

142 4298 145 4303 <
170 4280 258 4326 sonae
277 4261 531 4348 praenominatae,
550 4261 679 4327 ratione
691 4264 942 4350 praemissorum,
963 4264 1032 4328 sive
1049 4283 1160 4324 eorum
1180 4258 1329 4343 alicujus,

171 4368 231 4431 per
246 4346 369 4412 dictam
390 4369 497 4435 nuper
520 4348 690 4435 Reginam,
705 4349 850 4414 haeredes
875 4349 929 4412 vel
951 4368 1144 4412 successores
1167 4366 1251 4423 suos,
1269 4354 1329 4408 aut

170 4453 231 4518 per
241 4434 448 4520 justitiarios,
464 4445 648 4511 oecaetores,
662 4434 873 4510 vicecomites,
887 4435 1034 4511 ballivos,
1049 4444 1109 4500 aut
1123 4433 1205 4498 alios
1227 4431 1328 4496 offici-
