3022 4874
66 757 169 804 blanner
178 759 209 804 of

65 816 168 862 election
179 817 209 862 of

66 874 198 935 Prluclpsl.

65 1011 89 1056 A
138 1012 244 1058 intment

64 1069 94 1116 of
159 1071 189 1116 of

65 1128 116 1175 elac
138 1143 195 1192 ⁰¹¹·.

66 1779 178 1838 Writing
187 1779 226 1824 for

66 1839 155 1883 absent
171 1839 226 1884 Fel-

66 1897 134 1942 lows.

279 220 322 283 36
564 223 699 289 Statores
711 226 750 309 of
758 224 851 288 Jesus
868 224 995 310 Colleqe,
1016 222 1145 310 Oaford.

278 387 509 474 spiritualibus
532 396 567 451 et
593 387 834 472 temporalibus
860 387 1031 467 discretus,
1056 386 1213 474 providus
1238 396 1273 451 et
1296 386 1449 452 circum·

278 485 421 559 spectus,
455 474 575 538 Doctor
604 485 662 537 aut
692 476 923 540 baccalaureus
951 478 985 538 in
1015 474 1188 560 theologia,
1222 476 1349 538 Ductor
1382 486 1447 539 aut

279 560 509 623 baccalaureus
524 561 642 646 injure
661 560 756 629 civili,
776 560 826 624 vel
851 562 968 625 saltem
988 561 1152 648 Magister
1168 561 1201 623 in
1218 560 1364 638 artibus,
1386 564 1448 644 qui

279 645 482 731 trigesimum
510 668 629 708 annum
661 646 769 709 aetatis
793 647 1013 734 compleverit,
1038 647 1155 710 coelebs
1179 655 1214 710 et
1235 668 1300 710 non
1324 652 1446 733 conju·

279 741 385 808 gatus.
420 731 525 816 Cujus
541 731 673 814 quidem
688 733 893 812 electionem,
952 733 1078 819 rpetuis
1087 733 1206 797 futuris
1216 733 1444 817 temporibus,

280 816 349 879 fieri
374 816 523 880 volumus
544 817 606 880 sub
628 815 689 880 hac
710 817 833 883 forma:
859 820 891 883 vi
918 819 1022 897 elicet‚
1038 817 1138 904 quod,
1154 819 1241 882 infra
1263 817 1349 882 duos
1368 818 1445 883 dies

279 901 446 966 naturales
461 912 630 989 postquam
646 902 833 988 hujusmodi
848 905 1001 969 officium.
1012 927 1070 992 per
1085 914 1235 979 mortem,
1245 904 1442 984 cessionem,

279 988 485 1062 amotionem,
517 988 654 1052 liberam
685 990 944 1075 resignationem,
974 1001 1034 1054 aut
1066 1012 1292 1074 quemcunque
1330 991 1442 1056 alium

279 1072 422 1153 modum,
438 1096 554 1138 vacare
567 1074 751 1160 contigerit,
767 1085 802 1138 et
821 1076 881 1139 hoc
900 1077 1070 1161 cognitum
1095 1077 1205 1151 luerit,
1221 1098 1333 1140 omnes
1351 1077 1445 1141 Socii

279 1160 360 1224 dicti
382 1160 511 1246 collegii
536 1160 570 1223 in
591 1159 820 1224 Universitate
843 1172 1028 1247 praescnteS,
1045 1183 1104 1246 per
1123 1163 1252 1227 Sosium
1276 1162 1442 1226 seniorem

278 1257 473 1394 grassantem
483 1246 676 1331 praemoniti,
687 1246 783 1310 simul
800 1248 991 1311 convenient
1005 1249 1039 1310 in
1056 1248 1180 1347 capella
1195 1248 1276 1312 dicti
1292 1247 1441 1335 collegii,

303 1355 321 1395 c
341 1332 395 1396 die
414 1332 581 1396 electionis
594 1330 699 1395 futuri
716 1332 912 1419 Principalis
935 1334 1213 1406 tractatur1‚hora
1231 1356 1290 1420 per
1306 1333 1440 1398 dictum

279 1419 438 1482 seniorem
447 1419 622 1499 assignata.
659 1418 766 1495 Quem
782 1418 914 1502 quidem
930 1420 1097 1484 electionis
1112 1419 1211 1495 diem,
1222 1443 1263 1483 ex
1279 1441 1441 1484 consensu

278 1505 409 1591 majoris
426 1504 528 1590 partis
550 1501 726 1568 eorundem
747 1505 962 1605 praefinitum,
979 1506 1085 1572 dictus
1108 1508 1213 1570 senior
1234 1506 1354 1585 SociuS,
1377 1529 1441 1592 per

279 1590 394 1654 literas
418 1590 586 1655 citatorias
609 1599 643 1652 et
669 1591 858 1656 monitorias
876 1592 910 1655 in
934 1594 1017 1656 ostio
1037 1593 1173 1679 capellae
1198 1591 1278 1656 dicti
1304 1591 1440 1677 collegii

279 1674 436 1760 figendas,
449 1686 516 1739 tam
529 1675 743 1761 praesentibus
753 1699 849 1759 quarn
861 1679 1053 1743 absentibus
1062 1679 1192 1742 intimet
1207 1687 1241 1742 et
1252 1677 1439 1742 denuntiet.

281 1761 414 1824 Proviso
425 1769 545 1839 tamen,
556 1759 652 1843 quod,
665 1762 856 1846 priusquam
869 1763 910 1825 ad
923 1764 1028 1827 futuri
1042 1764 1234 1848 Principalis
1244 1762 1441 1827 electionem

281 1846 422 1909 ulterius
437 1846 641 1932 procedatur,
659 1847 743 1910 Socii
759 1848 910 1912 absentes
922 1869 982 1933 per
997 1847 1163 1911 duodecim
1181 1847 1250 1908 dies
1265 1835 1442 1912 naturales

281 1931 402 1997 dictam
418 1933 696 2017 praemonitionem
707 1933 893 1997 immediate
902 1941 1073 2015 sequentes
1087 1939 1337 2016 exspectentur:
1361 1936 1440 2012 qui-

282 2018 346 2082 bus
361 2017 533 2082 duodecim
558 2019 673 2082 dicbus
697 2019 826 2096 exactis
842 2019 876 2081 in
894 2019 1035 2081 crastino
1060 2025 1135 2080 ante
1158 2014 1336 2093 meridiem,
1352 2015 1438 2081 hora

306 2128 342 2168 cr
356 2105 485 2170 Socium
500 2106 660 2169 seniorem
676 2112 869 2191 praesentem
884 2103 1037 2181 limitata,
1053 2103 1242 2166 conveniant
1256 2102 1291 2164 in
1306 2102 1440 2186 capella

281 2126 360 2254 dicti
382 2192 510 2278 collegii
532 2214 642 2256 omncs
661 2191 749 2256 Socii
763 2200 836 2255 tum
851 2191 886 2254 in
904 2188 1126 2254 Universitate
1141 2196 1330 2275 praesentes.
1368 2188 1439 2252 Ex-

281 2276 390 2359 posita
402 2299 478 2340 vero
492 2300 552 2363 per
564 2279 692 2342 Sosium
704 2277 863 2341 seniorem
874 2277 1091 2363 [praesentem]
1103 2297 1200 2339 causa
1215 2274 1438 2339 conventionis

308 2359 461 2433 raedictae,
487 2363 608 2427 scilicet
635 2385 697 2450 pro
725 2362 883 2427 electione
908 2363 1013 2427 futuri
1040 2361 1238 2449 Principalis,
1263 2360 1439 2425 celebratis

284 2383 400 2509 divinis
408 2447 558 2531 precibus
567 2471 627 2534 per
636 2447 776 2512 eundem
787 2451 918 2514 Socium
930 2448 1143 2513 senioremvel
1153 2449 1252 2512 alium
1261 2469 1320 2533 per
1329 2447 1439 2533 ipsum

284 2531 498 2618 assignatum,
528 2533 640 2597 statim
664 2533 798 2619 legatur
822 2534 882 2599 hoc
911 2557 1056 2621 praesens
1084 2544 1258 2613 statutum,
1282 2534 1378 2619 plane
1405 2543 1439 2598 et

285 2621 441 2706 perfecte,
455 2642 514 2707 per
530 2620 660 2683 Sosium
676 2621 834 2684 seniorem
849 2631 1055 2769 grassantem,
1071 2621 1125 2685 vel
1140 2622 1240 2685 alium
1256 2619 1438 2706 peripsum

285 2707 495 2792 assignatum,
520 2708 554 2770 in
585 2705 755 2772 audientia
778 2729 848 2792 prae
873 2708 1011 2770 ictorum
1036 2708 1222 2771 Sociorum:
1253 2715 1286 2770 et
1315 2705 1439 2769 ibidem

285 2802 398 2880 postea
411 2793 600 2858 immediate
621 2793 663 2857 ad
681 2792 870 2856 electionem
889 2793 994 2856 firturi
1010 2793 1205 2878 Principalis
1222 2796 1441 2878 (exspectato-

286 2902 369 2959 rum,
380 2891 417 2944 ut
430 2880 654 2966 praemittitur,
667 2879 816 2942 absentia
828 2899 892 2940 non
907 2878 1072 2958 obstante)
1090 2879 1125 2940 in
1139 2878 1241 2942 forma
1256 2879 1442 2964 subscripta

287 2965 495 3050 procedatur.
542 2966 717 3052 Imprimis,
729 2963 892 3050 jurabunt
912 2984 1023 3025 omnes
1045 2973 1079 3026 et
1104 2963 1229 3049 singuli
1252 2964 1335 3029 Socii
1355 2986 1440 3049 prae·

199 3070 205 3083 ·
286 3052 375 3128 dicti,
396 3051 495 3136 quod,
511 3051 695 3136 postpositis
719 3047 910 3113 omnimodis
933 3070 1049 3118 amore,
1065 3047 1186 3127 favore,
1205 3050 1289 3129 odio,
1312 3051 1439 3128 timore,

287 3135 422 3216 invidia,
465 3137 678 3224 partialitate,
718 3133 887 3199 affectione
925 3133 1225 3222 consanguinitatis,
1265 3137 1440 3210 affinitatis

285 3241 408 3285 necnon
423 3225 608 3311 acceptione
620 3243 831 3310 personarum
846 3228 880 3284 et
891 3220 1020 3307 patriae,
1029 3232 1063 3286 et
1075 3243 1266 3306 quacunque
1276 3223 1441 3284 occasione

286 3307 391 3389 precis
413 3309 467 3371 vel
489 3311 600 3394 pretii,
630 3333 703 3374 cum
727 3309 817 3374 omni
841 3307 1010 3372 celeritate
1036 3330 1101 3392 qua
1124 3316 1288 3452 poterunt,
1314 3304 1439 3385 eligent

288 3411 391 3454 unum
406 3393 448 3455 de
464 3393 564 3456 Sociis
586 3394 665 3457 dicti
681 3394 818 3480 collegii,
834 3393 886 3456 vel
899 3393 940 3456 de
954 3394 1021 3457 illis
1039 3393 1095 3474 qui
1112 3390 1287 3472 aiquando
1304 3387 1439 3451 fuerunt

289 3474 373 3538 Socii
388 3487 422 3541 et
437 3498 477 3540 ex
492 3478 596 3540 causis
609 3479 752 3542 honestis
764 3487 973 3553 recesserunt,
986 3477 1080 3556 siqui
1091 3474 1172 3537 tales
1183 3472 1292 3534 idonei
1302 3471 1439 3552 reperiri

287 3561 443 3645 poterint,
457 3568 558 3645 juxta
581 3562 780 3626 conditiones
793 3561 944 3646 superius
969 3559 1142 3645 expositas,
1158 3556 1231 3641 (hos
1255 3556 1340 3619 enim
1356 3557 1439 3638 aliis,

289 3646 414 3710 crateris
434 3647 573 3732 paribus
589 3645 738 3733 praeferri
756 3646 915 3722 volumus,
941 3643 1087 3727 alioquin
1111 3643 1257 3725 quemvis
1277 3641 1380 3706 alium
1403 3645 1438 3708 in

290 3730 516 3797 Universitate
527 3731 664 3795 Oxoniae
672 3731 724 3796 vel
733 3728 958 3815 Cantabrigiae
967 3729 1261 3810 educatum‚quem
1270 3729 1438 3814 eligentes

288 3839 329 3881 ex
344 3840 455 3882 eorum
471 3816 680 3894 conscientiis,
697 3817 845 3897 credunt,
854 3813 1031 3879 secundum
1047 3814 1220 3898 qualitates
1234 3816 1268 3877 in
1283 3818 1440 3899 praesenti

288 3913 416 3968 statuto
428 3924 608 3990 expressas,
624 3925 694 3966 csse
708 3905 869 3989 aptiorem
885 3910 918 3964 et
933 3903 1037 3986 magis
1053 3900 1208 3964 idoneum
1231 3901 1273 3964 ad
1299 3902 1439 3967 officium

287 3989 480 4075 Principalis
505 3988 694 4076 gerendum,
724 3987 831 4072 quoad
861 3987 984 4049 bonum
1010 3995 1044 4050 et
1069 3986 1201 4050 salubre
1229 3988 1378 4073 regimen
1408 4000 1441 4054 et

288 4075 481 4161 diligentem
499 4097 609 4139 curam
624 4075 728 4160 ipsius
752 4073 891 4159 collegii,
908 4082 942 4136 et
965 4073 1074 4155 quoad
1096 4094 1316 4158 personarum,
1333 4083 1440 4139 statu·

202 4185 204 4191 ¹
289 4170 409 4237 torum,
434 4183 470 4224 ac
499 4162 668 4230 bonorum,
700 4170 872 4238 terrarum,
904 4160 1140 4246 possessionum
1172 4181 1209 4222 ac
1236 4159 1440 4242 reddituum,

289 4248 515 4347 spiritualium
540 4257 575 4310 et
597 4245 836 4331 temporalium,
861 4254 895 4309 et
915 4245 1043 4330 jurium
1062 4244 1250 4324 eorundem,
1275 4269 1443 4311 conserva-

288 4343 422 4412 t1onem,
436 4334 513 4419 plus
529 4353 623 4419 posse
639 4332 793 4417 proficere
807 4341 842 4396 ct
853 4332 937 4396 velle
952 4332 1083 4396 omnino
1097 4354 1291 4418 persuasum
1305 4330 1439 4398 habent.

286 4419 468 4500 Jurabunt,
494 4419 639 4505 insuper,
663 4417 775 4484 Socius
789 4419 898 4484 senior
918 4417 1091 4506 [praesens]
1111 4441 1186 4483 cum
1203 4419 1354 4503 proximo
1368 4420 1442 4505 sibi
