3022 4874
266 158 308 225 58
550 159 686 223 &auter
698 161 737 240 os
746 158 838 220 Jcsus
858 155 985 241 Callope,
1005 154 1134 238 chord.

302 377 446 445 ls-De
460 377 643 441 admissione
656 376 840 440 scholarium
857 376 912 459 qui
926 396 984 439 uon
1008 385 1188 459 wputamm
1204 394 1265 440 esre
1279 377 1317 439 da
1331 377 1395 441 col·

409 465 494 547 lepio,
511 474 539 527 et
554 465 642 546 culpo
656 465 857 527 commanenti
872 463 1066 545 appellantur
1079 471 1107 525 et
1121 462 1284 525 battelarii.

298 573 460 650 Quoniam
469 594 535 635 non
545 572 648 635 solum
660 570 701 634 de
711 569 907 635 scholarium
917 568 1082 648 electione,
1093 570 1151 634 sed
1162 570 1301 635 aliorum
1311 570 1427 648 etiam,

268 682 349 744 quos
358 657 455 744 vulgo
465 654 831 734 vocant“00mmoucrs,''
842 655 1034 721 admissione
1044 657 1221 721 cavendum
1226 656 1429 742 judicamus3

55 751 198 800 heminton
207 750 238 795 ⁰f
269 744 442 809 statuimus
461 753 494 808 et
516 743 660 807 volumus
684 739 774 828 quod
797 738 989 827 Principalis
1005 741 1068 816 vel,
1084 742 1260 829 Principali
1274 743 1428 817 absente,

54 822 213 860 ΝΟΜ·
272 828 538 916 Viceprincipalis
562 826 686 893 habeat
700 837 893 914 potestatem
913 826 1108 893 admittendi
1124 827 1226 894 dictos
1248 828 1427 908 scholares,

269 916 369 1004 vulgo
392 924 520 980 vocatos
547 928 566 953 “
583 913 802 993 Commouers,”
828 911 1004 977 indictum
1038 914 1219 1001 collegium,
1245 914 1427 979 secundum

229 1058 233 1063 .
270 1002 482 1088 capacitatem
516 999 756 1075 cubiculorum
783 1008 1003 1084 praecaventes
1024 1010 1063 1064 ut
1093 1000 1221 1066 nullum
1241 999 1427 1065 scholarem

269 1084 456 1175 hujusmodi
468 1086 503 1151 in
515 1086 640 1153 dictum
655 1085 736 1150 colle
762 1084 828 1149 'um
844 1085 1030 1156 admittant,
1039 1086 1102 1149 nisi
1115 1109 1211 1174 quem
1220 1085 1426 1151 crediderint

270 1197 338 1239 esse
362 1173 531 1238 honestum
547 1183 581 1236 et
595 1182 742 1257 aptuma
780 1170 986 1247 studendum,
1010 1182 1045 1235 et
1070 1173 1128 1258 qni
1141 1171 1262 1236 habeat
1276 1172 1311 1236 in
1325 1195 1427 1237 suum

271 1270 413 1325 tutorem
429 1281 529 1324 unum
544 1281 586 1323 ex
600 1257 700 1322 Sociis
713 1256 793 1323 dicti
807 1256 944 1355 collegii,
957 1258 1009 1323 vel
1023 1258 1137 1323 saltem
1151 1258 1252 1323 alium
1276 1256 1426 1344 aliquem

271 1344 418 1410 e'usdem
432 1344 559 1443 collegii
574 1366 640 1408 non
652 1343 790 1421 Socium,
802 1342 927 1428 judicio
939 1343 1130 1429 Principalis
1144 1344 1206 1424 vel,
1222 1366 1260 1408 eo
1274 1344 1426 1419 absente,

273 1370 459 1516 iiceprinci
483 1431 543 1495 ahs
557 1429 720 1508 idoneum,
733 1428 792 1528 qui
802 1451 860 1514 pro
869 1428 936 1494 suis
946 1429 1094 1515 expensis
1102 1440 1137 1496 et
1147 1430 1276 1495 mulctis
1288 1452 1426 1515 respon-

57 1521 238 1568 Aammonof
271 1517 381 1582 debit:
394 1454 1425 1614 quodquepeneseossrtpauperesscholares,quosvulgobatte·

57 1581 186 1629 mm
270 1600 1426 1690 laresappellant,admittere,sumptatamenabiispriuscautronefide·

268 1688 409 1773 jussoria
422 1688 475 1751 vel
514 1686 707 1772 ignoraticia
717 1705 776 1770 pro
790 1687 933 1772 ipsorum
949 1687 1097 1774 expensis
1105 1699 1140 1753 et
1154 1687 1292 1766 mulctis,
1307 1709 1426 1751 secun-

272 1773 470 1838 dumeorum
503 1772 714 1837 iscretionem.
748 1771 891 1851 Proviso,
901 1783 1018 1852 tamen,
1035 1772 1121 1856 quod
1132 1773 1337 1839 solusPrinci
1361 1773 1427 1837 alis

271 1857 407 1923 habebit
418 1868 614 1944 potestatem
630 1856 830 1921 admittendi
844 1858 1018 1923 servientes
1029 1858 1109 1922 dicti
1123 1859 1263 1945 collegii,
1273 1797 1370 1923 modi>
1380 1859 1425 1925 ab

272 1944 312 2009 iis
328 1944 529 2028 fidejussores
547 1942 681 2006 idoneos
703 1942 863 2029 accipiat3
892 1965 933 2006 ne
947 1942 1069 2008 dictum
1091 1943 1264 2031 collegium
1287 1944 1426 2030 aliquod

273 2030 429 2095 damnum
443 2041 502 2094 aut
513 2035 675 2115 jacturam
689 2050 747 2113 per
761 2051 816 2092 eos
826 2029 983 2114 patiatur.
1020 2030 1191 2111 Volumus,
1209 2031 1318 2110 ctiam,
1335 2030 1427 2114 quod

58 2121 95 2168 'ro
105 2119 136 2166 be
146 2132 226 2165 nvom
237 2122 262 2164 to
274 2139 382 2182 omnes
406 2126 441 2181 et
459 2114 582 2202 singuli
596 2113 786 2201 supradicti,
798 2112 956 2181 habentes
970 2116 1110 2181 sedecim
1125 2138 1282 2181 annorum
1292 2127 1426 2183 aetatem

58 2181 161 2285 pungne
171 2182 220 2224 ἠ’
268 2202 438 2288 jurabunt,
455 2213 533 2267 ante
544 2223 636 2265 suam
649 2199 886 2280 admissionem,
900 2202 986 2285 quod
996 2202 1216 2267 observabunt
1226 2203 1334 2267 omnia
1343 2202 1426 2267 dieti

274 2288 403 2373 collegii
417 2297 551 2366 statuta,
561 2286 781 2351 ordinationes
796 2297 830 2352 et
846 2286 1069 2373 injunctiones,
1101 2298 1240 2352 uatenus
1250 2310 1426 2376 personam

273 2395 387 2437 eorum
401 2383 594 2437 concernunt
609 2383 669 2436 aut
683 2394 868 2438 concernere
882 2383 1047 2458 poterunt.
1121 2374 1228 2439 roviso
1239 2396 1375 2460 semper,
1386 2384 1427 2440 ut

60 2469 192 2528 Paymenu
201 2464 236 2524 by
274 2457 476 2522 commodum
491 2457 578 2541 quod
593 2480 634 2521 ex
648 2457 813 2537 cubiculiS,
829 2481 902 2542 quae
915 2457 1010 2522 dictis
1030 2481 1201 2525 communa
1207 2461 1264 2524 riis
1282 2471 1341 2525 aut
1350 2461 1426 2525 aliis

59 2537 217 2575 ⁰⁰¹¹¹¹¹¹⁰¹¹⁰¹⁸'
273 2566 338 2608 non
361 2544 579 2608 existentibus
603 2542 645 2608 dc
669 2543 805 2629 collegio
838 2543 1054 2609 concedentur
1086 2555 1145 2610 aut
1179 2546 1424 2632 permittentur,

272 2639 412 2716 exurget
426 2639 487 2693 aut
498 2651 657 2715 exurgere
673 2630 808 2729 poterit,
822 2629 990 2718 proveniet
1015 2641 1075 2696 aut
1098 2632 1267 2717 provenire
1290 2632 1426 2717 poterit,

272 2715 306 2781 in
320 2738 415 2781 usum
438 2715 569 2815 collegii
591 2716 739 2780 totahter
762 2715 857 2781 cedat
876 2726 910 2779 et
930 2726 1155 2783 convertatur:
1184 2729 1285 2801 utque
1299 2717 1426 2803 singuli

271 2801 493 2875 communarii,
525 2825 560 2866 1n
595 2801 741 2886 ipsorum
779 2801 983 2876 admissione,
1011 2803 1147 2886 aliquid,
1170 2803 1295 2889 judicio
1327 2803 1426 2867 Prin-

270 2886 382 2975 cipalis
413 2898 446 2952 et
475 2888 605 2973 majoris
633 2887 739 2986 partis
770 2886 945 2966 Sociorum,
976 2889 1190 2974 gratitudinis
1218 2887 1357 2961 nornine,
1389 2889 1426 2953 in

269 2984 480 3045 structuram,
496 2973 742 3038 aedificationem
756 2982 790 3036 et
814 2974 1069 3053 exornationem,
1094 2974 1174 3039 dicti
1200 2973 1327 3060 collegii
1352 2997 1427 3039 con-

269 3059 377 3125 ferant
405 3070 439 3124 et
463 3058 655 3144 largiantur,
682 3057 954 3141 decrementaque
986 3060 1242 3127 hebdomadaria
1271 3071 1305 3124 et
1330 3082 1427 3146 repa·

270 3145 412 3208 rationes
446 3143 650 3223 necessarius,
673 3167 746 3208 cum
775 3144 966 3230 Principali,
996 3147 1108 3226 Sociis,
1132 3156 1166 3211 et
1191 3146 1272 3211 dicti
1295 3145 1428 3232 collegii

271 3229 480 3310 scholaribus,
505 3230 618 3295 debita
647 3229 856 3316 proportione
885 3231 1067 3297 sustineant
1093 3244 1127 3297 et
1160 3241 1366 3319 supportent,
1390 3241 1427 3297 et

271 3336 414 3379 summas
431 3338 528 3402 super
542 3339 597 3380 cos
611 3317 645 3380 in
661 3315 764 3379 dictos
776 3339 853 3380 usus
868 3316 1034 3402 impositas
1050 3318 1212 3398 burserio,
1224 3317 1427 3402 temporibus

271 3423 331 3487 per
351 3401 566 3485 Principalem
585 3412 619 3465 et
642 3404 798 3485 majorem
822 3413 950 3487 partem
973 3403 1140 3469 Sociorum
1159 3404 1427 3490 assignatisper·

270 3487 419 3562 solvant3
445 3508 509 3570 quo
532 3485 573 3549 de
594 3485 634 3548 iis
657 3487 817 3551 rationem
840 3486 978 3551 reddere
1003 3490 1147 3576 collegio,
1175 3489 1219 3553 ad
1235 3500 1425 3575 computum

271 3595 427 3658 magnum
451 3580 511 3635 aut
526 3572 617 3650 alias,
639 3571 668 3634 si
688 3571 730 3637 ad
750 3570 786 3634 id
805 3572 1018 3654 requisitusa
1034 3575 1211 3662 Principali
1233 3585 1301 3648 aut,
1317 3597 1355 3640 eo
1370 3576 1428 3640 ab·

273 3668 373 3738 sente,
390 3657 644 3745 Viceprincipali
659 3656 769 3728 fucrit,
780 3656 849 3721 sine
866 3657 1025 3724 dilatione
1040 3662 1153 3747 possit.

404 3806 553 3870 lis-De
566 3807 820 3891 disputationibus
832 3817 860 3870 et
872 3808 946 3873 aliis
959 3810 1110 3872 exercitiis
1124 3810 1302 3874 &crastinis

315 3917 401 3993 Quia
409 3915 536 3982 crebras
544 3915 785 4002 disputationes
793 3917 933 3982 multum
945 3916 987 3982 ad
996 3917 1189 3983 eruditionis
1198 3920 1430 3984 incrementum

65 4009 238 4082 preparatione
279 4002 383 4066 facere
398 4025 457 4089 pro
472 4012 636 4089 comperto
650 4001 817 4085 habemus,
825 4004 1008 4073 statuimus,
1023 4003 1209 4068 ordinamus
1225 4017 1259 4070 et
1269 4006 1430 4080 volumus,

65 4069 211 4174 ffifflssf
221 4083 248 4114 ¹¹¹
281 4099 320 4153 ut
334 4088 470 4175 singulis
482 4087 598 4154 diebus
617 4089 781 4174 profestis,
805 4099 1027 4176 praeterquam
1049 4089 1083 4153 in
1108 4091 1215 4154 tribus
1238 4090 1430 4177 septimanis

281 4175 457 4239 vacationis
480 4175 563 4238 circa
588 4175 812 4254 Nativitatem,
838 4175 1020 4260 septimana
1044 4175 1200 4248 Pascatis,
1225 4188 1259 4241 et
1282 4177 1430 4263 proxime

279 4261 477 4345 procedente
488 4260 619 4335 Pascha,
631 4269 664 4323 et
675 4259 1104 4340 hebdomadaPcntccostes,
1120 4262 1241 4348 singuli
1258 4263 1429 4333 scholares,

279 4348 346 4411 sive
365 4348 429 4411 sint
453 4346 495 4410 de
522 4346 667 4432 collegio,
692 4348 759 4411 sive
786 4348 820 4410 in
844 4369 883 4410 eo
903 4357 1143 4427 commorantes
1169 4349 1228 4433 qui
1250 4347 1430 4413 dialecticae
