3022 4874
453 263 590 332 Statutes
603 263 642 347 of
650 262 744 325 Jecur
761 259 890 347 Collepe,
909 260 1038 344 chord.
1281 264 1300 331 7
1304 265 1321 328 7

170 435 363 516 pernoctare
392 425 427 490 in
455 424 570 489 eodem
594 444 688 510 posse
711 422 940 509 permittimus.
985 422 1020 487 Si
1044 423 1116 507 quis
1140 445 1218 489 vero
1241 423 1324 492 dicti
1337 442 1491 502 Penutyror

170 514 311 601 collegii,
336 521 397 576 aut
420 511 686 574 commorantium
704 510 738 574 in
756 509 881 589 eodem,
903 510 1044 594 aliquem
1063 519 1256 575 extraneum
1282 511 1324 576 ad
1336 501 1494 607 ᾞωὼωῑξξ

169 599 430 686 pernoctandum
445 597 531 661 infra
545 595 737 683 praedictum
753 596 925 683 collegium
942 606 1055 660 contra
1068 597 1203 661 formam
1226 597 1324 684 hujus
1336 574 1507 692 {siniriernig

171 686 292 751 statuti
302 684 480 761 admiserit,
490 705 546 746 seu
555 683 809 768 pernoctationis
821 681 968 768 ejusdem
981 705 1108 747 causam
1119 682 1257 756 dederit,
1267 706 1326 770 pro
1337 693 1364 724 ¹¹¹
1374 679 1481 737 ⁰⁰¹¹¹ss⁰·

171 769 566 858 viceprimasexdenariis
575 768 763 847 mulctetur,
773 790 833 855 pro
842 769 984 833 secunda
994 767 1326 843 duodecimdenariis,

171 879 233 944 pro
248 857 347 922 tertia
363 855 492 920 duobus
515 855 645 930 solidis3
670 864 703 919 et
726 855 754 918 si
768 865 882 941 postea
904 855 937 918 in
962 878 1001 919 ea
1024 865 1119 941 parte
1142 854 1326 940 deliquerit,

171 965 273 1029 poena
282 953 393 1007 contra
404 964 480 1006 eum
490 950 698 1040 aggravetur,
708 943 886 1006 secundum
895 941 1122 1006 discretionem
1133 941 1329 1030 Principalis

171 1024 234 1108 rel,
249 1052 289 1093 eo
303 1029 447 1106 absente,
462 1027 743 1113 Viceprrncipalis.

169 1174 536 1261 34.-Deecploaotionc
545 1177 703 1240 dubiorum
712 1179 900 1261 quorundam
910 1180 944 1241 in
952 1179 1075 1241 natatis
1084 1178 1327 1261 precedentibus.

217 1299 302 1365 Cum
312 1299 378 1362 fere
394 1297 475 1361 nihil
485 1308 552 1362 tam
568 1297 668 1382 plane
677 1307 711 1361 et
719 1320 794 1384 pers
821 1299 893 1362 icue
903 1298 1000 1361 scribi
1014 1297 1127 1383 possit,
1138 1296 1216 1380 quin
1223 1297 1330 1361 futuri

172 1386 240 1451 sint
255 1385 311 1470 qui
327 1385 469 1468 aliquam
484 1382 563 1446 inde
578 1384 773 1447 occasionem
788 1321 964 1447 dubitandi
979 1383 1149 1468 arripient,
1160 1382 1268 1446 visum
1279 1392 1330 1447 est

172 1471 225 1536 hic
271 1470 424 1556 quaedam
456 1467 499 1533 de
535 1468 763 1555 explanatione
799 1479 958 1533 certorum
997 1468 1139 1533 locorum
1176 1467 1327 1552 adjicere.

177 1558 256 1637 Ubi,
274 1557 390 1642 igitur,
408 1556 442 1618 in
465 1555 536 1619 istis
558 1555 692 1618 statutis
711 1553 914 1618 decernimus
933 1554 1072 1638 aliquem
1097 1553 1328 1639 expellendum
1341 1580 1506 1642 Explananon

176 1654 234 1708 aut
258 1640 486 1718 amovendum,
509 1662 567 1702 nec
590 1639 804 1726 exprimimus
827 1663 887 1726 per
909 1662 1004 1725 quem
1030 1650 1088 1704 aut
1103 1662 1180 1722 quos
1206 1640 1241 1704 id
1260 1641 1328 1704 fieri
1340 1645 1505 1715 statumeqe

175 1738 337 1815 oporteat,
366 1727 516 1791 volumus
540 1724 576 1788 id
599 1726 744 1812 intelligi
771 1749 807 1789 ac
831 1728 858 1789 si
882 1736 1044 1791 statutum
1066 1736 1152 1789 esset
1172 1748 1248 1790 eum
1270 1713 1382 1812 perIng
1396 1702 1506 1761 ⁰¹⁹¹²¹⁸¹⁰

176 1813 396 1900 Principalem
426 1822 461 1876 et
488 1817 645 1897 majorem
675 1822 803 1899 partem
834 1813 1002 1877 Sociorum
1025 1810 1145 1876 debere
1174 1812 1326 1876 amoveri.

177 1901 348 1978 Similiter,
364 1899 424 1963 ubi
445 1921 509 1961 non
532 1899 744 1984 exprimimus
768 1921 861 1962 usum
886 1901 920 1963 in
936 1920 1033 1986 quem
1054 1897 1184 1963 mulctae
1197 1899 1329 1964 inflictae
1341 1922 1503 1971 Proceecsor

176 1995 256 2051 sunt
275 1983 511 2063 convertendae,
528 1984 680 2049 volumus
701 1994 734 2048 et
756 1984 945 2049 ordinamus
963 1996 1002 2049 ut
1026 1983 1128 2048 altera
1154 1984 1329 2049 earundem
1340 1981 1409 2029 fines.

176 2095 255 2159 pars
268 2073 302 2137 in
314 2093 487 2158 pauperes,
503 2093 540 2134 ex
556 2093 713 2136 consensu
731 2071 923 2157 Principalis
938 2081 972 2135 et
986 2069 1139 2147 bursarii,
1154 2069 1329 2134 distribua-

176 2168 244 2237 tur,
261 2158 344 2222 circa
364 2159 461 2223 finem
475 2163 630 2242 cujusque
653 2158 794 2231 termini,
810 2158 916 2221 altera
939 2179 1015 2220 vero
1037 2157 1071 2219 in
1091 2177 1185 2218 usum
1202 2155 1328 2241 collegii

177 2255 404 2320 convertatur3
427 2254 529 2327 utque
544 2242 586 2306 de
602 2265 641 2306 ea
659 2244 836 2314 bursarius,
857 2244 893 2305 in
910 2264 1027 2328 magno
1051 2250 1214 2325 computo,
1229 2242 1329 2305 ratio-

176 2353 251 2395 nem
272 2331 359 2396 inter
374 2339 504 2415 recepta
526 2328 650 2392 reddat.
697 2328 791 2407 Item,
814 2328 872 2391 ubi
886 2328 1005 2391 dicitur
1021 2327 1081 2391 hoc
1095 2327 1149 2390 vel
1164 2326 1248 2391 illud
1272 2327 1329 2392 fiat
1341 2345 1508 2408 Punctpalan

128 2440 131 2444 ·
177 2438 237 2503 per
254 2415 473 2502 Principalem
489 2414 551 2489 vel,
567 2437 605 2478 eo
621 2415 767 2489 absente,
785 2413 1086 2500 Vicepriucipalem,
1102 2423 1160 2478 aut
1175 2419 1328 2499 majorem
1340 2405 1455 2514 fflffil
1465 2406 1496 2454 ⁰¹

176 2512 305 2602 partem
325 2502 503 2580 Sociorum,
519 2500 573 2563 vel
596 2499 721 2584 aliquid
745 2500 821 2578 tale,
847 2500 997 2564 volumus
1022 2511 1055 2565 et
1078 2499 1265 2564 ordinamus
1292 2510 1330 2564 ut
1444 2499 1451 2511 '

177 2586 385 2673 1ntelligatur
400 2609 437 2650 ac
450 2587 479 2649 si
490 2586 617 2649 dictum
636 2596 720 2649 esset
743 2586 777 2649 id
792 2587 861 2649 fieri
876 2597 1025 2674 oportere
1063 2608 1098 2649 er
1112 2585 1328 2671 Principalem

179 2685 214 2739 et
222 2673 691 2759 majorempartemSociorum,
699 2609 1328 2758 aut,eoabsentaperlliceprincipalem

180 2771 214 2825 et
223 2765 377 2842 majorem
389 2769 516 2844 partem
525 2757 699 2821 Sociorum.
724 2757 819 2832 Item,
830 2757 889 2821 ubi
899 2757 1094 2843 Principalis
1104 2765 1137 2819 et
1146 2757 1231 2818 Socii
1235 2763 1329 2842 jure·
1341 2792 1456 2840 mm,
1469 2792 1508 2838 m

174 2845 315 2934 Jurando
324 2868 359 2908 ae
367 2845 526 2931 obligant,
536 2843 622 2927 quod
632 2843 965 2930 interpretationibus,
975 2865 1048 2905 cum
1057 2841 1330 2905 declarationibus
1341 2853 1511 2911 pretationo

180 2943 214 2997 et
223 2932 491 3032 expositionibus,
502 2953 561 3017 per
571 2931 783 2995 Visitatorem
799 2940 833 2994 et
841 2936 914 3016 ejus
923 2950 1125 3006 successores,
1134 2926 1176 2992 de
1185 2937 1218 2991 et
1231 2949 1330 3012 super
1341 2914 1452 2958 '‘mle'‘

180 3018 292 3082 dubi1s
301 3028 508 3096 statutorum,
520 3017 673 3080 faciendis
682 3018 856 3103 parebunt,
869 3015 905 3080 id
916 3014 958 3080 de
968 3013 1128 3100 ejusmodi
1137 3014 1330 3112 interpreta-

178 3103 327 3168 tionibus
337 3112 371 3166 et
380 3102 656 3168 declarationibus
664 3103 806 3190 intelligi
815 3102 963 3166 volumus
972 3123 1055 3189 quas
1064 3099 1152 3164 idem
1161 3099 1333 3177 Visltator,

180 3212 242 3276 pro
266 3199 412 3275 tempore
438 3190 588 3267 existens,
617 3188 780 3267 videlicet,
805 3187 993 3274 praenobilis
1019 3185 1218 3257 Gulielmus,
1248 3207 1335 3249 nunc

182 3278 298 3339 Cornea
314 3272 536 3338 Pembrochiae
551 3283 585 3337 et
608 3273 792 3338 Academiae
818 3274 955 3337 Oxoniae
974 3271 1205 3342 Cancellarius,
1220 3282 1253 3336 et
1267 3271 1335 3336 hae-

181 3361 276 3427 redes
301 3360 352 3423 sui
376 3358 518 3431 masculi,
548 3358 590 3422 de
612 3381 744 3443 corpore
773 3359 923 3436 Henrici,
945 3381 1050 3445 nuper
1072 3357 1208 3421 Comitis
1238 3358 1333 3421 Pem-

182 3446 335 3520 brochiae,
349 3445 453 3531 patris
467 3444 617 3530 praedicti
637 3443 806 3516 Gulielmi‚
829 3445 1063 3529 provenientes,
1083 3444 1216 3508 comites
1237 3445 1335 3508 Pem-

182 3533 320 3598 brochiae
332 3532 526 3606 existentes3
543 3529 598 3594 vel
608 3530 635 3593 si
646 3530 728 3594 tales
740 3531 880 3596 haeredes
895 3531 1080 3609 defecerint,
1096 3539 1187 3595 extra
1202 3553 1335 3616 regnum

183 3620 312 3706 Angliae
334 3617 467 3695 fuerint,
483 3616 565 3680 infra
581 3626 720 3688 aetatem‚
739 3617 808 3680 sive
831 3617 956 3681 ratione
977 3617 1113 3704 alicujus
1133 3616 1336 3681 infirmitatis

184 3717 242 3770 aut
260 3704 399 3770 criminis
411 3702 513 3788 (quod
528 3702 614 3766 absit
624 3703 648 3788 !)
663 3702 706 3766 ad
722 3703 910 3786 exequenda
924 3704 1089 3788 praemissa
1103 3702 1264 3766 inhabiles
1278 3726 1336 3767 ex·

184 3793 321 3870 titerint,
343 3789 481 3853 durante
504 3788 565 3852 tali
588 3789 729 3868 defectu,
753 3790 910 3864 absentia,
930 3790 1052 3853 minore
1079 3798 1187 3867 aetate,
1206 3811 1263 3851 seu
1288 3789 1335 3851 in-

184 3878 346 3947 firmitate,
360 3875 581 3939 Cancellarius
591 3875 725 3961 Angliae
737 3876 805 3939 sive
814 3875 932 3940 Custos
943 3875 1058 3960 Magni
1070 3875 1183 3961 Sigilli
1194 3873 1321 3960 Angliae
1326 3898 1335 3950 3

184 3963 312 4049 rediget
328 3964 361 4027 in
381 3962 511 4048 scripta,
528 3970 562 4025 et
576 3960 662 4025 dicto
679 3962 786 4024 Princi
810 3961 856 4024 ali
875 3971 910 4025 et
928 3961 1039 4039 Sociis,
1055 3960 1108 4025 vel
1129 3959 1252 4023 nuntiis
1272 3959 1336 4022 col-

185 4049 266 4135 legii
288 4049 331 4113 ad
355 4070 408 4111 eos
434 4047 539 4111 missis
562 4049 597 4111 in
621 3984 809 4132 hujusmodi
829 4070 868 4110 ne
892 4047 978 4121 otiis,
1005 4045 1116 4110 tradet
1139 4046 1174 4107 in
1198 4044 1335 4131 scriptis.

187 4134 261 4198 Has
290 4144 398 4198 autem
432 4134 715 4219 interpretationes
744 4144 778 4197 et
807 4071 1048 4219 explicationes
1076 4131 1227 4195 manibus
1261 4131 1336 4194 faci-

187 4220 310 4283 entium
336 4219 463 4283 easdem
498 4221 653 4305 signatas
683 4221 779 4285 sicuti
818 4220 898 4305 ipsis
928 4218 1112 4296 tradentur,
1142 4217 1177 4280 in
1206 4216 1337 4303 collegii

187 4305 321 4369 archivis
336 4306 503 4378 asservari,
518 4307 682 4392 exemplar
704 4306 829 4370 veroin
848 4306 935 4369 libro
949 4304 1097 4392 separali‚
1105 4309 1206 4454 tpurte
1222 4304 1337 4366 seriem

187 4394 342 4475 temporis
365 4413 428 4474 quo
451 4391 543 4456 factae
566 4402 652 4471 sunt,
674 4392 808 4477 pulchre
831 4391 980 4471 describi,
1005 4401 1038 4457 et
1063 4391 1104 4455 iis
1129 4390 1234 4454 emin
1257 4389 1338 4454 locis

189 4496 262 4537 cum
282 4476 354 4540 istis
368 4477 500 4543 statutis
519 4478 631 4564 reponi
650 4488 684 4544 et
707 4478 872 4561 custodiri,
891 4479 1049 4544 volumus.
1094 4476 1260 4557 Similiter,
1279 4473 1339 4540 ubi
1361 4478 1366 4490 ’
