3022 4874
248 183 290 249 46
533 183 668 248 Statntes
681 183 821 265 ‹ffiJesns
841 181 967 265 Colleqe,
988 180 1117 265 chord.

33 388 213 497 tumult
249 339 1146 527 111111111111111001111111111111111
1196 341 1405 491 ..ttttlt

36 464 191 554 ⁰333?
209 463 238 497 or
251 479 391 600 quoque,
406 514 463 596 qui
477 511 520 576 ad
533 535 676 576 mensam
693 512 885 599 Principalis
904 513 957 576 vel
971 478 1136 578 Sociorum
1145 513 1197 576 vel
1211 513 1403 578 scholarium

249 601 482 673 admittuntur,
508 598 637 662 solvant
660 621 720 698 pro
748 599 937 663 communiis
960 599 1028 661 suis
1056 597 1333 677 hebdomadatim,
1351 601 1404 663 vel

250 688 285 750 in
299 688 362 749 fine
375 686 531 768 cujusque
547 685 687 759 termim,
704 686 756 749 uti
767 707 845 748 usus
859 685 988 771 collegii
1001 685 1230 770 postulaverit,
1245 695 1305 749 aut
1319 686 1405 750 ferre

250 772 406 860 potuerit,
416 771 518 854 juxta
531 780 636 834 ratam
647 770 848 857 praedictam.
884 769 1053 850 Videlicet,
1067 770 1202 835 admissi
1216 771 1260 836 ad
1275 772 1404 836 Princi-

250 859 334 945 palis
342 879 497 936 mensam,
508 857 651 940 quinque
661 857 841 921 solidorum
856 878 1035 934 summam,
1051 855 1095 920 ad
1112 856 1288 937 Sociorum,
1300 858 1403 923 trium

251 943 426 1008 solidorum
455 952 489 1006 et
519 952 660 1025 quatuor
693 942 921 1018 denariorum;
957 942 1001 1006 ad
1027 942 1234 1022 scholarium,
1261 943 1403 1008 duorum

251 1027 444 1104 solidorum
469 1029 533 1092 nisi
548 1028 632 1092 forte
647 1028 828 1115 Principali
838 1038 897 1093 aut
914 1029 1028 1093 macri
1066 1030 1131 1094 arti
1145 1030 1312 1095 Sociorum
1326 1031 1402 1117 plus

251 1116 376 1180 abillis
398 1114 566 1179 videbitur
589 1115 797 1200 exigendum.
843 1113 915 1178 Nec
937 1036 978 1178 iti
999 1050 1104 1179 solum
1124 1137 1198 1179 cum
1223 1127 1402 1202 praesentes

250 1211 357 1277 erunt,
372 1200 432 1264 sed
448 1203 545 1264 etiam
560 1201 717 1284 quamdiu
735 1201 885 1279 aberunt,
903 1200 967 1264 nisi
989 1201 1054 1287 ipsi
1073 1225 1200 1286 quoqne
1215 1203 1401 1267 bursarium

251 1298 327 1352 ante
352 1308 444 1351 suam
465 1287 695 1372 profectionem
715 1287 884 1351 certiorem
910 1286 951 1350 de
981 1297 1131 1374 tempore
1153 1311 1221 1353 suae
1244 1289 1401 1352 absentiae

251 1373 396 1438 fecerint.
430 1373 541 1450 Porro,
558 1371 648 1436 diem
663 1373 801 1438 Veneris
814 1392 877 1457 pro
892 1372 989 1439 initio
1006 1376 1196 1460 septimana
1214 1375 1401 1439 habendum

251 1481 379 1547 semper
393 1480 463 1523 esse
476 1457 663 1525 statuimus.

466 1606 596 1671 8.-De
618 1609 870 1693 Vicepmmpala
884 1610 1020 1673 electione
1033 1620 1062 1674 et
1076 1612 1183 1695 officio.

34 1730 122 1802 ottho
132 1731 204 1778 vice·
295 1717 405 1792 Quum
420 1737 660 1801 nonnunquam,
670 1726 805 1803 propter
818 1716 947 1782 diversa
957 1719 1088 1804 collegii
1100 1719 1247 1806 praedicti
1256 1721 1401 1806 negotia,

34 1791 164 1850 1³¹¹¹¹⁰³P⁸l
251 1801 377 1865 dictum
403 1802 620 1888 Principalem
643 1804 768 1883 abesse,
798 1812 833 1867 et
862 1804 988 1868 dictum
1013 1805 1191 1902 collegium
1216 1805 1401 1890 Principale

256 1885 462 1972 [aliquando]
481 1888 619 1952 destitui
633 1910 761 1954 necesse
777 1890 830 1968 sit,
854 1890 1011 1953 ucetiam
1031 1911 1072 1953 ne
1098 1911 1167 1975 ipse
1193 1890 1399 1976 Principalis,

251 1973 332 2036 dnm
356 1995 498 2061 praesens
520 1974 632 2045 fuerit,
655 1974 756 2038 nimio
778 1997 875 2039 onere
898 1983 1075 2061 prematur,
1097 1974 1282 2053 statuimus,
1309 1974 1399 2038 ordi-

154 2073 157 2079 '
251 2081 366 2124 namus
380 2070 414 2124 et
431 2061 593 2136 volumus,
608 2071 648 2124 ut
668 2062 703 2123 in
723 2061 862 2147 praefato
884 2060 1025 2146 collegio
1046 2060 1089 2124 sit
1110 2080 1238 2146 semper
1253 2083 1339 2124 unus
1357 2060 1400 2124 de

252 2147 439 2211 Senioribus
467 2147 710 2212 discretioribus
738 2159 773 2211 et
801 2147 1037 2211 maturioribus
1068 2147 1178 2225 Sociis,
1205 2147 1339 2211 scientia
1365 2158 1401 2211 et

251 2233 396 2296 moribus
424 2235 636 2383 approbatus,
661 2234 718 2316 qui
740 2232 1013 2318 Viceprincipalis
1041 2242 1271 2318 nuncupetur3
1308 2239 1401 2318 cujus

251 2318 442 2382 electionem
482 2320 531 2382 eri
546 2319 695 2384 volumus
707 2319 845 2405 singulis
862 2319 955 2383 annis
976 2320 1038 2383 sub
1058 2318 1118 2382 hac
1140 2318 1251 2383 forma.
1296 2318 1401 2384 Vide·

39 2405 145 2452 Mannei-
154 2405 185 2452 or
190 2402 230 2454 11¹⁸
251 2403 336 2482 licet,
354 2403 540 2551 Principale
562 2415 596 2468 et
621 2405 778 2468 Sociis'in
801 2404 1095 2504 capellagpraedicti
1120 2404 1249 2492 collegii
1271 2427 1401 2492 congre·

36 2463 150 2532 9¹⁶⁰⁰⁰¹¹⁴
253 2490 349 2576 gatis,
374 2490 497 2589 singul
521 2489 605 2555 Socii
629 2501 700 2555 tum
725 2491 759 2555 in
782 2490 1010 2556 Universrtate
1033 2502 1221 2577 praesentes,
1241 2514 1303 2578 per
1317 2492 1401 2555 ordi·

252 2597 338 2653 nem,
356 2585 452 2639 tactis
476 2576 689 2640 sacrosanctis
710 2576 778 2640 Dei
798 2576 1003 2663 Evangeliis,
1018 2599 1056 2641 co
1115 2577 1183 2641 rale
1197 2580 1403 2663 praestabunt

248 2667 485 2748 juramentum,
508 2663 597 2745 quod
620 2663 749 2727 nullum
774 2663 818 2727 ad
839 2663 1070 2751 Viceprincipa
1085 2665 1112 2727 is
1136 2665 1275 2728 officium
1299 2665 1403 2728 nomi-

251 2749 388 2822 nabunt,
410 2747 475 2812 nisi
499 2772 596 2832 quem
619 2749 663 2814 ad
691 2747 877 2835 hujusmodi
901 2750 1037 2813 officium
1066 2750 1280 2812 exercendum
1308 2750 1402 2812 meli-

251 2856 340 2898 orem
367 2845 403 2900 et
443 2836 600 2921 aptiorem
634 2835 777 2921 ejusdem
813 2835 968 2920 eligentis
1003 2835 1197 2898 conscientia
1227 2834 1401 2918 judicabit,

252 2920 422 2986 affectione
452 2931 488 2986 et
516 2922 719 3007 partialitate
751 2919 940 3006 postpositis
971 2919 1226 3002 quibuscunque.
1285 2919 1402 2983 Consi-

251 3007 326 3071 mile
357 3010 456 3074 etiam
477 3014 714 3093 juramentum,
738 3006 773 3070 in
800 3005 952 3069 omnibus
982 3004 1057 3068 aliis
1080 3005 1300 3070 officiariorum
1323 3006 1403 3070 dicti

252 3093 382 3180 collegii
411 3093 633 3171 electionibus,
658 3093 701 3156 ab
724 3091 804 3179 ipsis
833 3089 937 3154 Sociis
966 3090 1161 3154 electoribus
1183 3093 1334 3178 praestari
1348 3114 1424 3167 vo-¹

250 3176 367 3244 lumus.
412 3178 554 3259 Deinde,
578 3179 723 3262 inquirat
753 3176 946 3265 Principalis
970 3175 1080 3263 palam
1109 3187 1142 3242 et
1170 3178 1303 3264 publice
1327 3187 1402 3240 vota

250 3264 469 3349 singulorum3
485 3275 519 3329 et
528 3266 594 3339 ille,
603 3265 638 3329 in
649 3287 745 3350 quem
756 3263 951 3350 Principalis
963 3274 997 3328 et
1011 3270 1116 3351 major
1125 3286 1201 3363 pars
1213 3263 1402 3350 eligentium

251 3351 460 3428 consenserit,
482 3373 541 3436 pro
564 3353 666 3418 electo
688 3351 860 3430 habeatur,
879 3351 987 3435 sicque
1004 3370 1063 3435 per
1081 3350 1297 3447 Pnncipalem
1315 3347 1401 3409 illico

38 3453 211 3500 sardensem
252 3436 492 3520 pronuntietur.
538 3436 606 3512 Qui
627 3435 900 3522 Viceprincipalis
922 3437 957 3500 in
974 3434 1062 3499 dicto
1085 3435 1222 3519 collegio
1246 3440 1401 3497 teneatur

37 3512 144 3571 ⁰⁰¹¹⁰ss⁶·
252 3520 401 3584 continuo
430 3520 580 3600 residere,
610 3522 673 3584 nisi
702 3541 744 3584 ex
772 3530 947 3606 magnast
971 3518 1102 3582 urenti
1128 3538 1228 3581 causa
1253 3517 1297 3581 ad
1322 3515 1403 3580 dicti

253 3606 383 3692 collegii
405 3605 538 3692 negotia
560 3628 637 3670 eum
654 3605 842 3683 transmitti,
863 3604 916 3668 vel
938 3626 980 3668 ex
1001 3541 1068 3666 aiis
1087 3603 1277 3667 rationabili
1294 3625 1400 3681 causa,

253 3692 468 3779 approbanda
535 3713 551 3753 r
575 3689 794 3776 Principalem
818 3700 853 3754 et
875 3690 957 3754 duos
982 3689 1125 3752 seniores
1150 3689 1265 3762 Socios,
1290 3691 1404 3752 abesse

253 3778 432 3865 contingat.
508 3777 626 3840 nterim
656 3797 742 3854 vero,
773 3775 852 3839 dum
882 3776 976 3839 abest
999 3774 1275 3861 Viceprincipalis,
1298 3775 1404 3839 senior

254 3864 375 3944 Socius,
388 3864 444 3947 qui
455 3883 601 3950 praesens
613 3863 647 3926 in
662 3862 885 3927 Universitate
894 3861 1004 3939 fuerit,
1016 3861 1085 3948 ejus
1100 3861 1237 3925 officium
1248 3883 1360 3948 gerere
1370 3871 1404 3925 et

252 3949 288 4012 in
316 3951 465 4014 omnibus
494 3948 669 4035 diligenter
698 3968 845 4012 exercere
873 3956 1034 4012 teneatur.
1090 3948 1157 4023 Qui
1187 3948 1285 4012 etiam
1313 3947 1403 4012 Vice-

38 4042 200 4114 nutrasnd·
253 4035 451 4122 principalis,
473 4035 608 4100 absente
631 4045 689 4098 aut
712 4033 804 4097 nullo
818 4034 979 4098 existente
997 4032 1185 4120 Principali‚
1201 4034 1285 4098 vices
1299 4034 1404 4120 ipsius

37 4101 242 4222 fflssffivm*
253 4131 356 4208 gerat,
381 4130 541 4200 exerceat,
566 4131 602 4186 et
624 4122 659 4184 in
683 4121 835 4184 omnibus
857 4119 1034 4206 diligenter
1055 4119 1222 4206 suppleat,
1248 4121 1405 4205 (exceptis

253 4209 430 4295 majoribus
449 4207 530 4271 dicti
552 4206 680 4293 collegii
703 4206 851 4292 negotiis,
877 4226 950 4270 cum
973 4205 1103 4288 quibus,
1127 4206 1191 4269 nisi
1214 4206 1402 4269 imminente

253 4294 396 4380 periculo
411 4294 522 4359 damni
536 4293 604 4358 sive
615 4291 797 4380 praejudicii
816 4291 948 4378 collegii
963 4289 1119 4379 praedicti,
1137 4293 1288 4356 nolumus
1299 4293 1405 4379 ipsum

253 4380 472 4468 quovismodo,
497 4380 630 4447 absente
653 4377 841 4465 Principali‚
857 4377 1102 4465 intromittere)
1122 4378 1235 4462 illique
1250 4388 1405 4463 tanquam
