3022 4874
205 254 249 320 62
494 255 629 320 Statutes
643 259 682 339 of
690 256 781 317 Jesus
801 254 927 340 Collcye,
948 253 1077 340 Oesord.

207 413 518 563 praepigneratus
541 413 628 477 idem
653 433 772 477 munus
796 434 854 475 suo
875 413 944 476 loco
958 415 1065 479 obeat.
1112 413 1195 476 Haec
1213 411 1364 498 quisquis

207 523 271 563 non
300 524 319 564 o
359 500 528 577 ervaverit,
552 499 659 585 prima
688 500 757 563 vice
780 499 875 562 unius
904 500 1093 585 septimanae
1119 499 1268 562 convictu
1292 498 1364 582 ipso

208 586 293 649 facto
308 586 458 670 privatus
470 595 559 661 esto;
582 584 724 648 secunda
743 585 931 668 quindenae3
956 586 1054 649 tertia
1072 585 1191 648 mensis
1201 608 1209 660 ;
1233 594 1361 667 quarta,

208 694 228 734 a
253 671 390 756 collegio
414 672 448 734 in
473 681 669 757 perpetuum
704 681 904 734 amoveatur.
947 672 1042 735 Hora
1061 670 1136 734 huic
1153 669 1364 755 explicationi

208 757 317 843 patrio
342 779 486 821 sermone
511 756 671 820 habondae
692 757 868 821 constituta
893 757 956 820 erit
974 768 1067 821 sexta
1090 755 1362 833 antemeridiana,

209 843 356 926 quolibet
393 843 447 905 die
484 842 578 906 Jovis
615 841 649 904 in
684 842 780 928 pleno
809 843 958 920 termino,
995 843 1086 907 locus
1114 842 1241 927 capella
1280 841 1364 905 dicti

209 928 364 1014 collegii3
394 927 501 992 eidem
529 928 681 992 intersint
705 928 908 992 baccalaurei
936 928 1034 1014 primi
1057 939 1090 994 et
1113 927 1246 992 secundi
1274 927 1361 1005 anni,

208 1013 368 1077 scholares
381 1023 415 1076 et
430 1013 610 1077 servientes
624 1035 744 1093 omues,
756 1021 977 1100 cujuscunque
990 1023 1094 1079 status
1109 1024 1142 1078 et
1159 1012 1363 1077 conditionis.

210 1100 374 1164 Absentcs
395 1110 430 1164 et
453 1098 577 1163 tardius
601 1101 777 1179 venientes,
801 1101 983 1186 puniantur
1007 1101 1050 1164 ad
1075 1101 1247 1163 minimum
1273 1121 1310 1162 ac
1336 1099 1364 1162 si

208 1186 328 1251 sanctis
343 1186 498 1271 precibus
511 1185 692 1250 abfuissent
706 1196 766 1250 aut
780 1185 906 1249 tardius
922 1186 1032 1251 adeas
1046 1185 1259 1251 accessissent.

517 1331 663 1398 17.-De
677 1336 806 1399 vastae
820 1346 848 1399 et
863 1337 1054 1401 indumentis.

259 1445 345 1522 Quia
369 1443 519 1530 cupimus
542 1445 651 1508 omnia
673 1444 826 1509 decenter
849 1455 882 1511 et
906 1447 1085 1510 secundum
1109 1446 1253 1510 ordinem
1278 1445 1362 1520 fieri,

112 1575 118 1589 .
213 1532 401 1604 statuimus,
428 1530 616 1593 ordinamus
642 1542 675 1596 et
698 1530 860 1604 volumus,
877 1531 968 1616 quod
993 1532 1198 1618 Principalis,
1220 1532 1303 1595 Socii
1327 1542 1362 1595 et

213 1616 386 1693 scholares,
411 1616 492 1680 dicti
507 1617 636 1702 collegii
654 1617 754 1680 nullis
777 1617 977 1682 indumentis
1000 1619 1085 1696 aliis,
1100 1641 1207 1704 neque
1229 1628 1363 1703 propter

213 1703 396 1779 materiam,
412 1723 520 1787 neque
537 1712 670 1849 propter
688 1703 834 1773 formam,
856 1725 968 1788 neque
991 1714 1125 1790 propter
1144 1705 1291 1781 colorem,
1308 1702 1363 1766 vel

212 1787 298 1850 infra
313 1787 484 1872 collegium
499 1810 539 1851 ve
566 1798 658 1851 extra
683 1789 804 1852 alieubi
820 1789 854 1852 in
869 1788 928 1851 hoc
950 1811 1060 1873 regno,
1080 1799 1231 1867 utantur,
1262 1810 1363 1874 quam

213 1895 290 1955 quae
313 1873 460 1936 decentia
483 1883 517 1937 et
536 1873 625 1958 ipsis,
647 1877 746 1958 juxta
767 1883 894 1938 statuta
921 1875 1153 1938 Universitatis
1177 1884 1211 1937 et
1240 1874 1364 1937 discre-

213 1959 334 2021 tionem
360 1958 555 2044 Principalis
587 1970 621 2023 et
646 1958 926 2045 Viceprincipalis‚
959 1960 1182 2023 convenientia
1217 1959 1343 2022 fuerint
1355 1983 1364 2035 3

213 2043 368 2130 quodque
386 2044 499 2108 nullus
519 2066 631 2108 eorum
651 2066 773 2109 comam
800 2044 988 2108 inordinate
1011 2046 1151 2122 nutriat,
1168 2045 1221 2108 vel
1240 2045 1364 2108 camin

212 2129 292 2193 collo
310 2131 364 2193 vel
379 2130 486 2194 fronte
500 2138 559 2194 aut
575 2131 639 2194 alia
653 2131 794 2216 corporis
807 2140 899 2216 parte
912 2130 1010 2193 nimis
1020 2140 1205 2216 protensam
1221 2130 1364 2208 habeat,

212 2216 265 2279 vel
280 2225 373 2280 extra
388 2217 520 2304 collegii
535 2218 756 2303 praecinctum,
769 2218 822 2281 vel
835 2215 922 2279 infra
944 2217 1176 2280 Universitatis
1192 2216 1362 2295 ambitum,

213 2301 324 2386 pallio.
349 2303 413 2364 nisi
436 2302 625 2367 devillando
648 2311 707 2365 aut
730 2302 910 2380 redeundo,
935 2313 994 2367 aut
1020 2325 1061 2366 ex
1087 2303 1153 2365 alia
1177 2324 1274 2366 causa
1302 2324 1363 2388 per

215 2387 433 2471 Principalem
470 2400 504 2453 et
529 2389 820 2489 Viceprincipalem
850 2390 1031 2474 approbata
1055 2389 1108 2452 vel
1137 2387 1363 2474 approbanda,

10 2496 15 2510 ·
91 2492 132 2537 ·.
213 2480 339 2534 utatur.
385 2473 429 2535 Et
455 2474 482 2536 si
505 2474 580 2572 quis
595 2496 628 2536 1n
642 2475 817 2558 praemrssis
840 2496 897 2537 seu
914 2475 1028 2561 aliquo
1053 2497 1166 2538 eorum
1187 2474 1363 2560 culpabilis

2 3523 39 3570 of
47 3523 88 3570 the
97 3523 180 3570 Senes·

4 3582 206 3641 chalofthehall,

2 3641 52 3686 and
61 3641 100 3686 his
110 3642 199 3689 duties.

214 2579 272 2619 seu
288 2567 500 2643 transgressor
521 2560 721 2633 inveniatur,
738 2569 771 2624 et
786 2582 885 2646 super
907 2583 945 2624 eo
958 2562 1123 2624 convictus
1143 2561 1255 2638 fuerit,
1271 2557 1361 2646 quod

213 2643 322 2728 prima
336 2644 407 2706 vice
424 2654 497 2708 octo
520 2643 675 2723 denariis,
715 2668 751 2708 ro
768 2645 908 2709 secunda
923 2648 1053 2729 viginti,
1069 2669 1128 2733 pro
1152 2645 1252 2710 tertia
1279 2667 1362 2730 qua-

214 2728 367 2814 draginta
390 2731 590 2808 mulctetur3
612 2668 742 2831 quodsi
758 2742 878 2817 quarto
893 2733 938 2795 sic
952 2732 1139 2818 deliquerit,
1158 2742 1216 2795 aut
1230 2730 1363 2794 rebellis

213 2826 273 2878 aut
287 2816 472 2880 obstinatus
499 2817 657 2894 excitent,
672 2840 692 2880 a
712 2818 852 2902 collegio
870 2827 1067 2881 amoveatur.
1107 2817 1267 2883 Similiter
1280 2837 1361 2900 quo-

236 2923 278 2965 ue
302 2925 375 2965 cum
399 2903 439 2966 iis
463 2903 518 2989 agi
535 2903 697 2982 volumus,
713 2903 772 2989 qui
798 2903 832 2965 in
858 2903 998 2989 collegio
1020 2902 1175 2988 degentes
1196 2923 1260 2965 non
1283 2910 1363 2963 sunt

211 2925 253 3051 de
262 3010 395 3072 corpore
410 2989 560 3074 Collegii,
574 2988 631 3052 sed
646 2989 689 3052 ad
700 2989 900 3052 communias
912 3011 986 3050 cum
1000 2989 1102 3052 Sociis
1116 2998 1150 3052 et
1166 2986 1364 3052 scholaribus

212 3073 247 3136 in
261 3073 337 3137 aula
352 3073 607 3162 participandas,
625 3075 679 3137 vel
693 3073 736 3137 ad
751 3073 1004 3152 battellaudum,
1021 3075 1254 3138 admittuntur.

498 3223 644 3288 18.-De
658 3224 814 3288 anomalia
828 3225 979 3288 communi
992 3225 1048 3286 aul
1074 3272 1081 3285 .

258 3331 345 3396 Item
365 3333 551 3408 statuimus
576 3334 763 3399 ordinamus
782 3344 817 3398 et
836 3334 997 3412 volumus,
1013 3332 1102 3421 quod
1126 3355 1186 3418 pro
1213 3332 1365 3419 qualibet

216 3417 401 3501 septimana
417 3441 500 3481 unus
515 3419 595 3482 dicti
614 3421 742 3506 collegii
759 3420 883 3498 Socius,
899 3421 1044 3484 seriatim
1060 3421 1092 3482 iu
1109 3419 1223 3482 ordine
1238 3441 1306 3495 suo,
1322 3418 1366 3480 sit

217 3502 408 3565 victualium
432 3505 579 3566 omnium
603 3527 663 3589 pro
693 3506 752 3568 illa
778 3504 981 3567 hebdomada
1016 3505 1225 3568 emendorum
1250 3528 1289 3567 su
1316 3525 1366 3566 er-

217 3589 312 3663 visor‚
336 3589 394 3673 qui
419 3588 616 3651 senescallus
645 3590 730 3653 aulae
760 3589 936 3653 vocabitur.
982 3588 1097 3673 Hujus
1121 3590 1184 3653 erit
1208 3526 1366 3675 parceilas

218 3674 363 3737 omniurn
382 3683 417 3736 et
430 3673 635 3759 singulorum
651 3685 846 3759 emptomm,
861 3676 1082 3759 provisionum
1099 3686 1132 3740 et
1147 3697 1365 3762 expensarum

241 3780 489 3844 uarumcunque
523 3759 568 3822 ad
597 3761 793 3823 communias
829 3762 1056 3846 spectantium,
1090 3785 1150 3847 pro
1182 3782 1216 3824 se
1242 3761 1367 3824 timana

217 3783 286 3924 illa,
304 3845 445 3908 scribere
461 3844 515 3907 vel
538 3845 634 3908 scribi
653 3865 844 3931 procurare3
869 3856 902 3910 et
926 3848 1047 3911 cibaria
1069 3783 1256 3932 Principaii,
1272 3845 1367 3910 Vice-

216 3931 403 4018 principali,
421 3928 521 3992 Sociis
545 3941 580 3994 et
603 3930 814 4010 scholaribus
829 3932 911 3996 dicti
929 3933 1068 4019 collegii,
1093 3943 1126 3996 et
1142 3933 1216 3996 aliis
1239 3933 1273 3995 in
1289 3932 1367 3995 aula

216 4017 381 4079 communi
407 4013 606 4096 sedentibus,
629 4016 866 4091 administrare,
883 4028 916 4082 et
932 4017 974 4082 ad
988 4019 1135 4104 singulas
1149 4040 1276 4082 mensas
1289 4040 1367 4081 suas

217 4103 417 4166 communias
432 4100 546 4166 iisdem
569 4125 587 4164 a
612 4125 752 4188 ponere3
776 4113 810 4168 et
835 4126 910 4168 cum
934 4105 1082 4168 burserio
1105 4115 1141 4168 et
1164 4105 1365 4180 obsonatore,

216 4210 322 4251 coram
350 4187 529 4271 Principali
554 4125 612 4252 vel
625 4189 888 4275 Viceprincipali,
913 4213 970 4254 seu
996 4196 1068 4276 ejus
1089 4190 1197 4253 locum
1223 4199 1365 4267 tenente,

216 4284 289 4422 post
298 4274 392 4336 finem
406 4273 584 4357 cujuslibet
591 4276 793 4360 septimanae,
803 4275 964 4354 videlicet,
973 4275 1028 4339 die
1036 4276 1175 4340 Veneris
1185 4285 1259 4361 post
1269 4296 1366 4358 pran-

242 4361 321 4437 ium,
338 4360 366 4421 si
389 4359 556 4424 commode
578 4361 648 4424 fieri
672 4363 787 4510 possit,
804 4361 856 4425 vel
878 4361 907 4424 si
932 4383 995 4424 non
1019 4363 1121 4446 possit
1145 4361 1200 4424 die
1224 4360 1368 4424 Sabbati

216 4445 404 4509 immediate
427 4455 594 4530 sequente,
611 4446 679 4511 fide
692 4470 744 4512 em
758 4456 944 4530 computum
960 4447 1002 4512 de
1017 4448 1169 4512 omnibus
1191 4445 1368 4533 emptioni-
