3022 4874
582 271 687 353 Royal
705 266 860 334 Graues.
1257 277 1293 340 ll

138 451 259 525 ,gerent
275 462 312 504 ac
326 451 473 512 utantur,
499 460 536 502 ac
559 438 657 504 aliter
679 461 739 529 pro
762 442 848 505 bono
872 441 1015 527 publico,
1031 445 1194 507 communi
1207 446 1300 510 utili·

146 537 225 606 tate,
250 537 286 591 et
310 529 397 592 bono
420 525 577 612 regimine
601 526 731 612 collegii
752 526 910 611 praedicti,
928 550 964 591 ac
989 551 1049 614 pro
1065 529 1299 596 victualatione

68 675 70 679 ,
146 613 302 698 ejusdem,
318 635 355 676 ac
378 635 437 698 pro
461 611 589 675 meliori
611 613 874 696 praeserratione,
895 614 1140 700 gubernatione,
1161 616 1299 702 disposi-

146 699 245 778 tione,
273 699 432 763 locatione
458 709 492 763 et
516 697 712 775 dimissione,
730 708 902 779 terrarum,
928 710 1199 781 tenementorum,
1224 726 1299 788 pos-

145 786 331 863 sessionum,
341 785 562 851 reventionum
573 793 606 847 et
616 782 971 858 haereditamentorum‚
978 787 1097 853 eisdem
1109 788 1297 875 Principali,

146 872 246 936 Sociis
260 881 294 935 et
309 871 519 946 scholaribus
529 880 563 934 et
574 871 810 934 successoribus
821 874 896 946 suis,
907 872 1071 954 datorum,
1081 896 1298 940 concessorum

144 959 212 1022 sive
234 958 480 1044 assignatorum,
497 967 556 1021 aut
579 957 792 1042 imposterum
813 958 1096 1038 concedendorum‚
1114 960 1298 1026 dandorum

144 1044 195 1107 vel
211 1044 484 1130 assignandorum,
504 1065 540 1107 ac
564 1064 614 1106 res
630 1052 663 1106 et
678 1043 760 1108 alias
774 1066 887 1108 causas
903 1068 1110 1129 quascunque
1126 1046 1299 1133 collegium

144 1130 350 1215 praedictum,
384 1151 424 1194 ac
460 1139 597 1204 statuta,
622 1135 703 1213 jura
732 1141 766 1194 et
797 1131 962 1210 interesse,
992 1131 1139 1218 eJ'usdem
1169 1133 1299 1219 collegii

145 1224 317 1303 tangentes
341 1219 375 1279 in
398 1216 508 1301 aliquo
530 1237 588 1278 seu
611 1226 849 1280 concernentes.
895 1217 945 1282 Et
976 1217 1117 1281 ulterius
1137 1218 1297 1298 volumus,

144 1323 182 1364 ac
197 1324 256 1388 pro
270 1302 374 1377 nobis,
388 1301 576 1366 haeredibus
590 1313 624 1365 et
640 1302 876 1366 successoribus
893 1304 1024 1382 nostris,
1040 1326 1100 1388 per
1120 1315 1298 1388 praescntes

144 1387 362 1467 concedimus
385 1388 535 1473 praefatis
564 1387 749 1471 Principali,
778 1388 879 1451 Sociis
908 1399 942 1453 et
971 1389 1181 1467 scholaribus,
1208 1389 1299 1474 quod

144 1472 348 1538 habeantet
370 1473 543 1539 habebunt
558 1472 617 1536 has
640 1473 754 1535 literas
776 1484 901 1536 nostras
922 1484 1071 1560 patentes
1093 1475 1155 1538 sub
1177 1476 1298 1559 Magno

147 1559 264 1645 Sigillo
280 1570 388 1623 nostro
404 1560 534 1643 Angliae
549 1558 715 1629 confectas,
734 1558 856 1643 absque
879 1559 1015 1643 aliquali
1029 1562 1091 1624 fine
1106 1561 1175 1624 sive
1190 1562 1297 1638 feodo,

144 1667 262 1730 magno
277 1645 331 1709 vel
344 1667 458 1731 parvo,
474 1643 569 1706 nobis
584 1643 618 1706 in
638 1644 666 1705 H
671 1644 824 1729 anaperio
838 1655 950 1710 nostro
964 1668 1021 1709 seu
1037 1647 1128 1725 alibi,
1145 1646 1188 1710 ad
1203 1670 1298 1711 usum

143 1740 301 1809 nostrum,
316 1730 453 1814 proinde
469 1730 708 1813 quoquomodo
723 1729 900 1810 reddendo,
913 1733 1065 1797 solvendo
1077 1731 1131 1796 rel
1141 1733 1298 1798 faciendo.

146 1819 194 1881 lio
210 1816 295 1899 quod
310 1839 349 1880 ex
373 1839 459 1880 ressa
473 1816 604 1890 mentio,
619 1816 676 1879 &c
695 1817 819 1900 Aliquo
839 1827 971 1896 statuto,
988 1818 1044 1882 &a
1076 1820 1115 1882 In
1130 1819 1223 1902 cujus
1238 1819 1297 1898 rei,

145 1905 201 1966 &c
220 1903 320 1968 Teste
336 1839 471 1990 liegina.
488 1902 579 1988 apud
594 1901 930 1977 westmonasterium,
947 1905 988 1975 27
1005 1904 1059 1969 die
1075 1906 1099 1970 J
1101 1905 1181 1969 unii.

185 2017 251 2079 Per
265 2017 350 2079 breve
364 2018 400 2078 de
408 2016 534 2101 privato
548 2015 659 2099 sigillo.

533 2271 912 2283 -Ἣ

394 2469 637 2549 PATENTS
661 2473 704 2542 19
722 2469 806 2542 Jac.
825 2497 857 2567 p.
877 2474 910 2559 8,
931 2495 987 2544 no,
1013 2476 1067 2544 13.

142 2651 194 2712 De
240 2648 421 2712 concessione
457 2645 648 2728 Principali,
671 2641 749 2705 Rex
767 2641 915 2706 omnibus
939 2641 983 2705 ad
1013 2664 1105 2727 quos,
1123 2642 1192 2723 dcc,
1209 2645 1297 2709 salu·

143 2736 243 2802 Sociis
269 2744 297 2797 et
319 2732 511 2806 scholaribus,
534 2732 651 2815 colleyii
673 2739 749 2791 tem.
811 2727 896 2789 Cum
938 2729 1171 2814 praecarissima
1211 2754 1297 2794 soror

140 2823 217 2885 Jesu
240 2822 273 2882 in
300 2819 431 2895 Oroatia,
447 2817 507 2879 sibi
531 2826 559 2878 et
583 2838 651 2878 suc-
672 2823 784 2877 nostra
803 2812 1014 2889 Elizabetha,
1033 2836 1137 2899 nuper
1168 2814 1298 2902 Regina

139 2909 311 2971 sessoribus.
673 2899 815 2986 Angliae,
832 2921 892 2985 per
916 2898 1031 2962 literas
1056 2917 1129 2963 suas
1170 2912 1297 2966 atentes

143 2992 265 3078 Magno
285 2989 403 3076 Sigillo
420 2987 550 3073 Angliae
575 2985 746 3072 sigillatas,
769 2994 920 3073 gerentes
945 2984 1056 3049 datam
1082 2921 1170 3072 apud
1186 2986 1296 3053 West-

140 3077 386 3155 monasterium,
399 3075 552 3137 vicesimo
568 3075 706 3159 septimo
722 3072 776 3135 die
793 3073 816 3137 J
819 3071 899 3150 unii,
913 3094 997 3135 anno
1010 3072 1101 3158 regni
1116 3073 1166 3134 sui
1183 3074 1295 3138 tertio·

141 3163 275 3234 decimo.
289 3184 349 3248 pro
361 3159 618 3225 consideratione
632 3160 667 3222 in
679 3157 800 3222 eisdem
814 3158 920 3221 literis
935 3157 1129 3244 patentibus
1144 3181 1298 3244 expressa

140 3261 175 3314 et
199 3257 360 3326 contenta,
376 3247 417 3309 de
466 3245 550 3308 ratia
564 3268 623 3307 sua
638 3244 781 3328 speciali,
797 3266 833 3307 ac
848 3267 887 3306 ex
903 3254 992 3307 certa
1006 3244 1141 3308 scientia
1156 3255 1190 3309 et
1205 3268 1295 3310 mero

140 3346 233 3400 motu
257 3333 333 3411 suis,
354 3269 519 3418 quoddam
545 3329 718 3416 collegium
743 3329 937 3392 eruditionis
955 3331 1173 3408 scientiarum,
1188 3331 1295 3417 philo-

137 3421 272 3508 sophiae,
303 3421 462 3483 bonarum
492 3416 624 3494 artium,
655 3415 844 3501 linguarum
874 3417 1067 3501 cognitionis
1111 3415 1293 3496 Hebraicae,

142 3510 260 3573 Grecae
287 3514 323 3572 et
348 3504 486 3576 Latinae,
512 3501 554 3566 ad
577 3501 706 3565 finalem
729 3524 826 3564 sacrae
856 3499 1029 3588 theologiae
1077 3501 1295 3576 rofessionem,

140 3595 309 3681 perpetuis
324 3590 444 3654 futuris
467 3588 667 3674 temporibus
681 3587 885 3666 duraturum,
902 3588 937 3649 in
952 3589 1030 3667 solO,
1045 3527 1156 3666 liindo,
1172 3591 1238 3654 situ
1259 3602 1295 3655 et

140 3680 330 3767 praecinctu,
347 3699 453 3762 nuper
467 3673 565 3738 Aulae
579 3698 656 3751 suae,
674 3673 854 3760 vulgariter
877 3685 1076 3761 nuncupatae
1102 3673 1293 3754 Whitehall,

140 3790 212 3830 cum
236 3763 451 3851 pertinentiis,
469 3761 504 3823 in
519 3761 653 3823 civitate
678 3760 748 3823 sive
770 3760 858 3823 alma
881 3759 1046 3823 academia
1061 3761 1130 3825 sive
1148 3761 1292 3826 Univer-

137 3853 238 3918 sitate
256 3849 441 3926 Oxoniensi,
467 3847 501 3910 in
524 3847 682 3910 comitatu
699 3845 886 3923 Oxoniensi‚
902 3849 1061 3909 situatum
1086 3858 1122 3910 et
1140 3847 1292 3926 existens,

140 3938 302 4015 videlicet,
329 3936 370 4000 de
395 3957 460 3998 uno
485 3931 673 4017 Principali,
700 3941 771 3995 octo
800 3932 901 3995 Sociis
925 3941 959 3995 et
983 3941 1054 3995 octo
1080 3930 1291 4011 scholaribus,

139 4024 251 4102 creari,
267 4023 358 4109 erigi,
375 4019 505 4084 fundari
520 4027 554 4083 et
569 4018 714 4081 stabiliri
729 4017 931 4094 decreverit3
956 4026 989 4080 et
1011 4016 1098 4081 idem
1118 4016 1292 4104 collegium

139 4110 182 4174 de
206 4132 270 4173 uuo
295 4106 474 4192 Principali
499 4115 534 4169 et
557 4113 627 4168 octo
653 4104 762 4178 Sociis,
787 4127 823 4166 ac
848 4115 919 4167 octo
941 4102 1153 4182 scholaribus,
1179 4114 1292 4169 tenore

139 4195 366 4282 praedictarum
380 4193 552 4256 literarum
611 4191 751 4254 tentium
767 4189 900 4254 realiter
915 4200 947 4253 et
964 4188 1006 4252 ad
1021 4189 1154 4289 plenum
1169 4190 1292 4254 ibidem

140 4281 309 4350 creavcrit,
327 4279 480 4356 erexerit,
496 4277 555 4340 fun
580 4277 690 4354 averit,
705 4276 914 4355 ordinaverit,
936 4274 1061 4355 fecerit,
1087 4276 1293 4341 constituerit

139 4378 174 4430 et
190 4365 398 4434 stabiliverit,
415 4363 583 4450 perpetuis
605 4362 724 4426 futuris
749 4362 948 4448 temporibus
971 4361 1178 4439 duraturum,
1195 4372 1229 4426 et
1248 4362 1293 4427 sic

140 4452 282 4515 stabiliri
308 4460 342 4514 et
365 4450 605 4536 imperpetuum
636 4448 875 4513 inviolabiliter
899 4449 1065 4512 observari
1091 4448 1235 4513 voluerit
1257 4460 1292 4515 et
