3022 4874
631 243 736 325 Royol
755 237 908 303 Chartam.
1285 245 1325 322 13

170 434 204 490 et
219 423 424 510 appellarum
440 439 729 507 quarumcunque3
748 440 783 480 ac
798 417 833 482 in
848 417 998 480 omnibus
1013 416 1087 480 aliis
1101 419 1209 499 rebus,
1219 421 1325 485 causis

170 523 203 576 et
218 510 365 574 materiis
381 508 640 594 quibuscunque,
657 505 745 568 dicto
757 502 893 590 collegio
908 527 1039 590 quoquo
1051 504 1148 568 modo
1158 508 1324 591 pertinen-

171 599 262 661 tibus
284 597 353 660 sive
377 593 608 680 spectantibus.
655 592 699 655 Et
719 589 806 673 quod
830 589 996 676 peridem
1020 613 1146 666 nomen,
1168 594 1325 672 maneria,

172 683 325 760 dominia,
351 692 464 751 terras,
487 688 686 764 tenementa,
707 677 929 764 possessiones,
950 675 1229 757 haereditamenta,
1250 701 1326 765 pro·

172 770 258 832 ficua
280 778 315 832 et
339 767 569 843 emolumenta,
587 775 654 828 tarn
677 762 864 850 spiritualia
887 763 957 826 sive
982 763 1207 843 ecclesiastica,
1225 788 1324 848 quam

172 853 375 940 temporalia,
391 862 425 916 et
440 852 504 916 alia
519 873 657 938 quaecun
682 873 735 928 ue,
752 871 810 936 per
830 849 948 913 dictam
964 871 1070 935 nuper
1084 849 1246 935 Reginam
1266 873 1326 937 per

172 941 286 1005 literas
298 962 373 1005 suas
396 948 556 1024 patentes,
570 873 735 1000 haredum
751 947 784 1000 ct
798 957 1014 999 successorum
1029 958 1170 1014 suorum,
1187 947 1247 1001 aut
1266 961 1327 1024 per

173 1026 314 1112 aliquam
328 1025 429 1089 aliam
444 1046 628 1109 personam,
641 1022 693 1086 vel
705 1022 786 1086 alias
797 1044 954 1108 personas
966 1045 1188 1108 quascunque,
1202 1024 1326 1088 eisdem

172 1112 363 1198 Principali,
378 1110 481 1175 Sociis
496 1120 531 1174 et
542 1108 750 1187 scholaribus,
764 1119 797 1171 et
809 1109 1048 1172 successoribus
1063 1109 1139 1186 suis,
1152 1109 1207 1174 vel
1218 1109 1325 1187 aliter,

172 1197 349 1262 secundum
370 1195 458 1283 leges
476 1196 572 1261 dictae
592 1195 742 1281 Reginae,
759 1205 819 1258 aut
843 1192 1012 1258 haeredum
1036 1194 1089 1258 vel
1109 1218 1326 1259 successorum

86 1287 87 1290 ’
172 1306 314 1361 suorum,
339 1282 459 1361 danda,
483 1281 676 1346 conferenda
698 1303 758 1345 seu
780 1280 994 1360 concedenda,
1017 1303 1143 1366 capere,
1167 1282 1325 1368 recipere,

196 1371 362 1455 erquirere
392 1379 427 1433 ct
457 1368 681 1455 appropriare,
711 1389 834 1430 necnon
863 1366 980 1431 eadem
1010 1366 1099 1445 darc,
1126 1367 1266 1431 alienare
1292 1378 1327 1431 et

171 1393 352 1534 dimittere,
377 1454 623 1538 quibuscunque
645 1452 791 1539 personis
805 1455 839 1515 in
862 1453 936 1536 lege
950 1453 1123 1538 capacibus
1141 1463 1271 1537 possent
1294 1464 1329 1517 et

174 1541 342 1616 valerent3
357 1563 394 1604 ac
417 1540 614 1625 generaliter
634 1539 743 1601 omnia
757 1538 823 1600 alia
836 1548 869 1602 et
885 1538 1017 1624 singula
1031 1560 1160 1623 capere,
1175 1538 1327 1624 recipcre,

173 1627 376 1713 perquirere,
403 1625 491 1703 dare,
516 1625 659 1688 alienare
684 1634 719 1687 et
741 1623 919 1701 dimittere,
945 1646 982 1687 ac
1005 1624 1110 1687 facere
1132 1635 1166 1689 et
1190 1625 1324 1709 exequi,

174 1711 326 1775 valerent
341 1721 375 1776 et
389 1721 531 1798 possent,
542 1721 642 1797 prout
656 1722 772 1774 coetera
786 1708 923 1795 collegia
937 1710 1024 1773 infra
1035 1731 1177 1796 regnum
1185 1710 1326 1797 Angliar‚

175 1820 233 1861 seu
257 1820 369 1860 eorum
392 1797 533 1880 aliquod,
553 1818 674 1883 capere,
689 1797 843 1882 recipere,
860 1796 1062 1882 perquirere,
1079 1796 1166 1874 dare,
1183 1794 1336 1862 alienare

174 1894 208 1947 et
234 1883 412 1962 dimittere,
429 1905 465 1946 ac
488 1884 523 1947 in
545 1883 709 1968 aliquibus
732 1884 934 1969 temporibus
947 1883 1116 1947 retroactis
1131 1882 1237 1947 facere
1253 1905 1327 1947 con-

174 1981 362 2048 sueverunt,
375 1983 433 2036 aut
447 1970 564 2054 exequi
578 1980 709 2055 possent
724 1979 785 2032 aut
800 1979 910 2053 posset
922 1969 1143 2055 quovismodo
1181 1969 1227 2034 Et
1238 1968 1327 2054 quod

174 2054 327 2140 praedicti
356 2056 561 2142 Principalis,
594 2055 678 2120 Socii
704 2065 738 2120 et
762 2055 928 2133 scholares,
952 2054 1084 2140 collegii
1106 2055 1268 2140 praedicti,
1291 2065 1328 2118 et

176 2163 371 2205 successores
396 2143 447 2206 sui
474 2144 729 2228 imperpetuum,
746 2141 907 2205 haberent
922 2163 1089 2204 commune
1104 2140 1264 2224 sigillum,
1282 2141 1326 2204 ad

176 2250 286 2292 omnes
302 2238 335 2292 et
350 2228 553 2292 omnimodas
569 2250 692 2306 causaS,
705 2226 897 2304 evidentias,
910 2249 971 2300 reS,
983 2225 1150 2303 materias,
1164 2236 1198 2289 et
1208 2237 1328 2290 caetera

176 2314 236 2377 scri
262 2324 297 2377 ta
313 2325 346 2378 et
360 2316 447 2378 facta
467 2336 526 2377 sua
540 2312 657 2390 fienda,
675 2336 729 2376 eos
744 2312 795 2375 vel
810 2312 982 2396 collegium
997 2311 1190 2397 pradictum
1213 2312 1328 2399 aliquo

176 2336 270 2463 modi)
286 2403 457 2485 tangentia
470 2395 538 2462 sive
557 2399 791 2475 concernentia,
818 2398 1012 2484 sigillanda3
1034 2421 1094 2484 per
1120 2400 1211 2485 quod
1234 2422 1269 2464 se
1293 2410 1328 2463 et

176 2507 368 2550 successores
383 2508 457 2548 suos
478 2484 662 2569 astringere
683 2495 719 2548 et
743 2483 890 2571 obligare
913 2496 1043 2570 possent
1061 2496 1095 2549 et
1120 2486 1268 2550 valerent
1283 2486 1328 2549 ad

177 2581 306 2655 tempus
323 2570 373 2634 vel
389 2571 645 2656 imperpetuum,
656 2576 755 2654 juxta
775 2579 809 2633 et
827 2571 1003 2634 secundum
1020 2582 1163 2635 tenorem
1181 2571 1326 2657 ejusdem

177 2655 290 2739 scripti
303 2657 347 2718 sic
363 2678 422 2742 per
436 2678 490 2719 eos
504 2655 678 2740 sigillandi,
695 2665 729 2720 et
753 2661 844 2720 ’uxta
858 2656 1077 2720 ordinationes
1089 2667 1124 2721 et
1139 2667 1267 2722 statuta
1282 2658 1337 2721 eis*

177 2743 212 2804 in
226 2739 286 2804 hac
301 2751 397 2827 parte
413 2680 791 2806 tuncdecaeteroficnda.
831 2741 1035 2805 Concesserit
1045 2743 1180 2826 insuper
1189 2741 1329 2828 praefata

177 2849 284 2927 nuper
301 2828 441 2914 Regina,
456 2850 516 2913 pro
530 2851 574 2907 se,
589 2827 776 2893 haeredibus
790 2838 824 2893 et
838 2828 1073 2891 successoribus
1087 2829 1164 2902 suis,
1182 2827 1330 2913 praefatis

179 2913 369 3000 Pr1ncipali,
386 2915 488 2978 Sociis
519 2926 551 2979 et
575 2914 782 2987 scholaribus
813 2924 847 2979 et
876 2913 1109 2978 successoribus
1137 2914 1214 2991 suis,
1239 2914 1327 2999 quod

178 2999 437 3087 quandocunque
465 3013 539 3087 post
568 3003 702 3088 plenum
726 3023 898 3065 numerum
927 2998 1123 3063 scholarium
1153 2999 1187 3062 in
1213 2999 1326 3065 eodem

178 3083 314 3170 collegio
329 3087 530 3165 institutum,
546 3088 749 3174 contingeret
764 3088 909 3173 aliquem
922 3087 988 3150 sive
1011 3086 1139 3170 aliquos
1163 3086 1327 3150 Sociorum

178 3171 246 3234 sive
267 3170 464 3236 scholarium
479 3173 608 3260 collegii
630 3173 778 3258 praedicti
800 3174 901 3251 obire,
919 3171 1076 3250 recedere,
1099 3172 1253 3248 amoveri,
1274 3172 1328 3236 vel

177 3256 284 3322 locum
313 3279 408 3320 suum
436 3281 631 3356 quocunque
660 3259 756 3322 modo
787 3281 912 3336 vacare,
943 3257 1034 3344 quod
1062 3269 1181 3321 extunc
1213 3258 1338 3323 electio

178 3342 369 3428 hujusmodi
385 3343 470 3407 Socii
484 3345 554 3408 sive
579 3344 740 3420 scholaris,
757 3354 816 3409 aut
843 3344 1008 3408 Sociorum
1029 3344 1097 3408 sive
1120 3343 1328 3423 scholarium,

178 3428 220 3493 de
246 3438 391 3514 tempore
416 3430 449 3492 in
466 3440 595 3515 tempus
609 3431 852 3516 imperpetuum
867 3431 960 3495 fieret
976 3435 1075 3515 juxta
1096 3431 1328 3508 ordinationes,

178 3514 312 3600 regulas
336 3527 369 3580 et
397 3525 536 3595 statuta,
566 3516 601 3578 in
630 3538 669 3580 ea
692 3528 789 3602 parte
815 3527 893 3581 tunc
916 3516 1069 3602 deinceps
1092 3517 1208 3595 fienda,
1234 3528 1267 3581 et
1295 3516 1328 3580 in

179 3600 240 3664 scri
266 3601 307 3664 tis
330 3601 519 3688 redigenda,
543 3602 756 3687 specificanda
774 3615 808 3669 et
832 3602 1047 3679 declaranda3
1069 3613 1104 3667 et
1127 3602 1215 3688 quod
1238 3603 1328 3682 ordo,

178 3624 294 3751 modhs
309 3698 342 3751 et
364 3689 477 3765 forma,
503 3687 691 3773 hujusmodi
707 3688 881 3766 electionis,
906 3688 948 3752 de
969 3700 1035 3753 tem
1078 3711 1113 3753 re
1137 3691 1171 3752 in
1186 3699 1253 3753 tem
1278 3712 1328 3768 us,

179 3772 348 3857 perpetuis
364 3783 442 3839 tunc
457 3775 579 3838 futuris
600 3776 811 3860 temporibus,
829 3775 936 3838 Socios
952 3786 987 3839 ct
1002 3712 1163 3839 scliiilares
1176 3712 1329 3860 praedicti

178 3857 317 3944 collegii,
329 3859 388 3945 qui
402 3883 462 3946 pro
479 3869 624 3946 tempore
639 3861 752 3931 forent,
766 3871 914 3946 tangens,
931 3860 1081 3924 totaliter
1096 3861 1272 3925 referretur
1286 3862 1329 3926 ad

179 3943 408 4025 ordinationes,
424 3947 555 4032 regulas
571 3957 604 4010 et
618 3954 752 4023 statuta,
768 3946 847 4010 dicti
863 3946 989 4032 collegii
1000 3946 1207 4031 postmodum
1224 3947 1329 4012 fienda

179 4039 213 4099 et
242 4028 446 4095 declaranda.
507 4032 557 4095 Ac
583 4032 717 4117 insuper
740 4033 828 4097 dicta
850 4054 954 4118 nuper
977 4031 1108 4118 Regina
1135 4032 1331 4097 Elizabetha

179 4137 306 4180 summa
321 4118 515 4184 auctoritate
530 4141 589 4182 sua
603 4119 693 4204 regia
709 4142 775 4205 qua
790 4118 1000 4204 fungebatur,
1011 4140 1071 4203 pro
1084 4141 1127 4196 se,
1138 4117 1330 4182 haeredibus

180 4210 214 4265 et
227 4205 461 4267 successoribus
476 4204 552 4284 suis,
569 4205 756 4269 concesserit
772 4205 862 4291 quod
884 4204 1055 4290 collegium
1077 4226 1172 4266 suum
1192 4204 1330 4288 praedic·

180 4296 261 4364 tum,
277 4309 315 4350 ac
341 4288 546 4374 Principalis,
563 4291 649 4354 Socii
665 4301 699 4356 et
723 4291 883 4355 scholares
899 4289 986 4368 inde,
1002 4300 1035 4354 et
1059 4312 1255 4353 successores
1278 4291 1331 4353 sui

180 4370 435 4457 imperpetuum,
458 4375 641 4454 unirentur,
662 4386 919 4454 annecterentur,
943 4376 1218 4440 consolidarentur
1233 4386 1266 4441 et
1281 4376 1331 4440 in-

181 4470 426 4544 corporarentur
448 4461 544 4528 dictae
574 4462 789 4528 Universitati
815 4486 883 4528 suae
901 4462 1090 4542 Oxoniensi,
1117 4485 1153 4528 ac
1178 4472 1216 4527 ut
1242 4485 1343 4550 pars„
