3022 4874
455 255 591 320 Statutes
605 256 644 335 of
652 252 744 313 Jecur
764 249 890 333 Collepe,
911 250 1039 335 chord.
1280 255 1321 317 61

171 411 361 500 Principali,
383 421 452 492 aut,
480 434 519 476 eo
542 411 683 488 absente,
710 409 977 496 Viceprincipali,
1001 420 1035 475 et
1062 432 1132 476 suae
1157 412 1324 477 facultatis

170 501 375 564 moderatore
390 509 449 563 aut
465 521 606 577 censore,
617 497 815 582 approbatis,
827 507 885 561 aut
900 498 1010 579 aliquo
1020 498 1143 575 morbo,
1156 497 1322 584 impediti,

171 608 191 649 a
207 587 274 649 suis
296 586 488 650 muneribus
504 585 740 659 evocabuntur,
757 584 919 647 curabunt
934 593 972 646 ut
988 583 1073 647 alius
1088 584 1256 667 quisquam
1271 588 1320 648 sui

171 672 294 735 ordinis
304 695 344 736 ex
361 671 553 756 Principalis
563 679 631 740 aut,
641 691 679 733 eo
689 669 1165 754 absente,Viceprincipalis,et
1175 669 1323 733 modera-

173 759 253 821 toris
278 768 338 822 aut
360 758 509 833 censoris,
531 778 672 833 assensu,
696 756 782 817 vices
809 777 920 818 eorum
950 757 1119 840 suppleat3
1142 756 1190 818 ita
1216 765 1322 818 tamen

167 854 210 907 ‘ut
226 844 334 916 iidem,
348 867 421 906 cum
437 845 480 906 ab
499 843 619 906 itinere
641 851 849 905 revertentur
865 851 925 904 aut
948 842 1184 919 convalescent,
1200 842 1323 904 similia

170 930 327 992 exercitia
355 929 447 992 illius
472 929 542 992 loco
565 935 740 1013 peragant.
786 924 957 1002 Volumus,
972 927 1082 1004 etiam,
1107 936 1144 990 ut
1167 948 1276 991 omnes
1302 951 1322 990 a
1336 949 1503 1000 Atandrmcer

170 1016 276 1101 princi
298 1015 331 1078 io
355 1015 399 1078 ad
423 1016 520 1079 finem
544 1035 649 1099 usque
675 1022 749 1077 turn
765 1035 834 1076 suae
852 1012 1017 1077 facultatis
1040 1012 1321 1098 disputationibus
1333 1008 1503 1067 disputationi.

171 1109 245 1165 tum
260 1039 452 1187 tlicologicis
467 1100 632 1171 intersint,
650 1099 714 1162 nisi
730 1099 827 1162 venia
841 1120 861 1162 a
878 1121 938 1162 suo
958 1098 1172 1173 moderatore,
1194 1120 1322 1163 censore

171 1195 231 1250 eut
269 1187 444 1266 raelectore,
461 1187 655 1271 impetrata..
690 1184 820 1248 Absens
831 1206 914 1270 puer
925 1185 1116 1248 verberibus
1130 1184 1322 1270 castigetur,
1334 1193 1466 1241 Penaltiev.

170 1209 324 1335 scholiris
352 1273 510 1351 annosior,
559 1294 596 1335 ro
619 1271 787 1334 arbitratu
809 1270 958 1348 censoris,
974 1269 1025 1333 vel
1047 1271 1230 1354 privatione
1252 1294 1322 1334 con-

169 1358 276 1421 victus
290 1357 333 1420 ad
348 1366 487 1443 tempus,
500 1294 557 1421 vel
568 1357 700 1421 mulctae
713 1357 920 1441 irrogatione,
930 1357 1109 1440 puniatur3
1131 1356 1184 1419 vel
1199 1356 1232 1418 in
1247 1358 1324 1420 aula

170 1444 345 1521 communi,
362 1455 452 1508 certo
467 1444 607 1525 quodam
623 1443 676 1505 die
691 1463 711 1505 a
731 1462 862 1504 censore
879 1443 1065 1513 constituto,
1081 1441 1172 1505 finito
1210 1442 1324 1505 randio

171 1538 231 1591 aut
245 1551 348 1607 coena,
360 1529 494 1614 publice
508 1528 687 1604 declamet3
709 1525 819 1590 thema
833 1526 885 1589 illi
895 1548 1010 1590 censor
1025 1549 1152 1608 quoque
1172 1463 1324 1614 dpesigna-

169 1614 231 1677 bit.
278 1614 490 1677 Baccalaurei
519 1612 670 1676 absentes
696 1622 852 1675 notentur
879 1633 899 1675 a
929 1633 1073 1689 censore,
1098 1622 1132 1675 et
1156 1612 1326 1697 duplicata

169 1721 281 1784 poena,
313 1723 388 1786 quae
416 1699 451 1761 in
479 1700 632 1762 absentes
660 1721 680 1760 a
709 1697 848 1782 publicis
877 1697 1032 1782 precibus
1059 1706 1109 1760 est
1137 1699 1326 1776 constituta,

170 1785 357 1871 puniantur.
420 1785 545 1849 Absens
561 1783 741 1868 theologus,
757 1783 820 1846 nisi
836 1782 932 1846 venia
956 1804 976 1845 a
995 1782 1174 1868 Principali
1194 1791 1262 1859 aut,
1287 1808 1326 1848 eo

171 1872 314 1948 absente,
330 1869 585 1956 Viccprincipali
605 1869 657 1932 vel
680 1891 737 1931 suo
752 1867 966 1938 moderatore,
982 1869 1170 1954 impetrata,
1184 1869 1326 1967 primum

171 1966 310 2040 quatuor
324 1955 477 2022 denariis.
490 1954 628 2018 secundo
643 1963 677 2018 et
692 1954 799 2032 tertio,
815 1964 850 2017 et
864 1953 910 2016 sic
924 1954 1084 2039 deinceps,
1096 1954 1220 2040 judicio
1230 1955 1327 2018 Priu-

171 2041 284 2127 cipalis
300 2051 368 2119 aut,
384 2063 422 2104 eo
440 2041 585 2115 absente,
600 2040 785 2125 Viccprinci
808 2039 868 2103 alis
890 2050 924 2103 et
947 2040 1174 2111 moderatoris,
1189 2040 1327 2104 mulcta-

171 2128 271 2192 bitur.
328 2128 364 2191 Si
390 2128 461 2210 quis
486 2127 538 2191 vel
568 2149 609 2190 ex
638 2063 840 2211 philosopliis
867 2126 922 2189 vel
947 2147 989 2189 ex
1017 2124 1191 2210 theologiae
1217 2125 1326 2189 studio

172 2213 343 2277 destinatis
367 2213 448 2277 vices
473 2234 549 2275 suas
572 2212 606 2274 in
629 2211 856 2295 respondendo
880 2210 930 2272 vel
958 2210 1152 2295 opponendo
1174 2218 1211 2273 ut
1236 2212 1325 2296 prior

167 2321 340 2385 opponens
355 2321 464 2385 perse
480 2298 532 2362 vel
552 2297 653 2360 alium
676 2318 740 2358 non
755 2295 986 2374 observaverit,
1002 2318 1061 2380 pro
1083 2295 1233 2380 qualibet
1256 2297 1324 2360 vicc

172 2407 230 2448 sex
264 2385 377 2448 solidis
411 2394 445 2448 et
483 2392 554 2447 octo
585 2382 728 2445 denariis
766 2381 1000 2456 mulctabitur3
1032 2381 1088 2464 qui
1116 2403 1196 2446 vero
1224 2383 1322 2469 repli-

171 2492 244 2534 care
273 2492 332 2555 per
359 2469 418 2532 hoc
447 2476 609 2533 statutum
638 2467 749 2530 ordine
778 2466 975 2530 senioritatis
1004 2467 1246 2554 astringuntur,
1261 2469 1324 2531 nisi

172 2555 218 2619 sic
257 2555 402 2630 iecerint,
426 2554 590 2618 convictus
631 2553 817 2638 privatione
853 2575 913 2638 per
949 2575 1047 2616 unam
1084 2553 1320 2618 hebdomadam

172 2641 358 2726 puniantur.
407 2640 538 2703 Proviso
560 2660 693 2723 semper,
716 2637 812 2721 quod,
831 2639 929 2724 juxta
955 2661 1126 2702 numerum
1150 2639 1322 2726 theologia
1333 2650 1445 2723 luccesse
1455 2666 1483 2698 or

173 2738 230 2789 aut
266 2725 481 2812 philosophiae
511 2724 620 2788 studio
654 2724 894 2788 destinatorum
924 2734 956 2787 et
985 2725 1087 2788 etiam
1116 2724 1320 2802 scholarium,
1333 2709 1503 2815 flffissgrnglm

172 2835 327 2875 numerus
352 2835 480 2899 quoque
503 2809 759 2896 disputationum
782 2818 818 2872 ct
840 2808 978 2873 aliorum
993 2809 1222 2873 exercitiorum
1237 2832 1320 2894 prae-
1333 2828 1459 2875 exeruisse.

172 2897 345 2978 dictorum,
362 2921 422 2984 pro
437 2897 574 2961 arbitrio
586 2895 786 2975 Visitatoris,
801 2917 819 2958 e
833 2904 981 2979 tempore
993 2894 1027 2956 iu
1043 2902 1185 2979 tempus,
1201 2896 1323 2980 poterit

174 2983 227 3046 vel
243 2985 356 3068 augeri
369 2984 422 3048 vel
437 2984 552 3054 minui,
568 2982 628 3045 hoc
642 2993 768 3046 statuto
781 3003 846 3045 non
861 2980 1019 3044 obstante.
1063 2980 1196 3044 Proviso
1212 2981 1322 3050 etiam,

195 3068 262 3131 uod
286 3070 315 3131 si
331 3075 421 3154 justa
446 3092 542 3133 causa
565 3068 793 3138 intercesserit,
816 3066 1005 3151 Principalis
1028 3075 1096 3144 aut,
1113 3087 1151 3128 eo
1177 3068 1323 3144 absente,

172 3091 449 3240 lliceprincipalis
474 3156 502 3217 si
531 3154 683 3226 adfuerit,
712 3153 855 3236 alioquin
883 3151 1067 3214 moderator
1096 3152 1130 3214 in
1162 3151 1326 3237 theologia

173 3239 379 3326 theologicas,
403 3250 436 3304 et
457 3261 567 3303 censor
588 3237 800 3324 philosophiae
823 3235 1069 3323 philosophicas,
1090 3237 1325 3321 disputationes

172 3335 248 3389 ante
262 3325 405 3410 spatium
421 3326 561 3388 duarum
577 3323 728 3388 horarum
743 3323 841 3408 plene
856 3322 984 3386 linitum
1000 3321 1176 3387 terminare
1190 3325 1323 3408 poterit.

577 3468 724 3536 lii—De
739 3473 923 3536 catechismo.

221 3583 268 3648 Ut
282 3583 404 3648 semina
423 3581 596 3667 jaciantur,
613 3580 699 3644 unde
715 3590 840 3667 segetes
855 3580 975 3645 exoriri
988 3581 1125 3666 possint,
1140 3581 1324 3658 statuimus,

173 3668 359 3732 ordinamus
383 3678 417 3731 et
435 3667 592 3738 volumus,
609 3676 648 3729 ut
668 3689 734 3731 sem
761 3689 797 3731 er
820 3667 854 3729 in
878 3667 967 3730 dicto
989 3667 1126 3752 collegio
1149 3689 1210 3753 per
1231 3669 1322 3733 Prin-

174 3755 310 3839 cipalem
336 3761 369 3817 et
391 3753 499 3817 Socios
527 3753 697 3835 quotannis
722 3690 890 3838 eligendus
912 3752 955 3815 sit
981 3774 1064 3815 unus
1092 3775 1134 3816 ex
1157 3755 1323 3841 magistris
1336 3778 1503 3838 Exposinono

174 3840 388 3926 gravioribus,
415 3837 604 3902 necessariae
632 3860 702 3901 suae
731 3838 888 3924 regentiae
918 3848 1050 3922 tempus
1079 3860 1236 3923 egressus,
1267 3837 1503 3922 quinctianum

175 3925 362 3990 catechismi
377 3925 506 4010 (idest)
521 3922 660 4010 symboli
675 3922 852 4008 apostolici,
862 3923 1017 3986 orationis
1029 3923 1219 4003 Dominicae,
1233 3924 1324 3989 deca-

175 4010 253 4096 logi,
268 4020 541 4074 sacramentorum
557 4020 592 4073 et
606 4009 781 4094 potestatis
805 4009 955 4082 clavium,
973 4008 1027 4073 vel
1051 4009 1189 4094 triginta
1207 4033 1322 4084 novem

177 4095 410 4174 Articulorum,
434 4095 678 4180 explicationem
692 4093 833 4158 fideliter
852 4095 1015 4164 tractabit,
1037 4105 1216 4178 percurret,
1230 4107 1273 4175 et,
1287 4120 1324 4159 co

175 4180 286 4245 ordine
296 4182 353 4266 qui
368 4182 430 4244 erit
440 4203 460 4243 a
472 4180 647 4265 Principali
662 4181 843 4264 assignatus
858 4191 892 4244 et
908 4179 1102 4242 constitutus
1113 4202 1170 4265 pro
1179 4182 1324 4245 maxima

176 4267 407 4330 commoditate
426 4266 622 4344 auditorum,
638 4265 795 4342 absolvet,
819 4266 847 4327 si
872 4265 1003 4350 poterit.
1050 4265 1083 4327 A
1099 4288 1166 4350 quo
1179 4289 1323 4345 munere,

176 4351 204 4412 si
222 4353 293 4432 quis
317 4353 425 4434 aliquo
449 4351 693 4436 impedimento,
717 4373 775 4436 per
798 4351 1015 4435 Principalem
1039 4358 1108 4429 aut,
1124 4373 1161 4414 eo
1179 4353 1323 4430 absente,

178 4433 466 4522 Viccprincipalem
484 4436 706 4524 approbando,
716 4447 876 4515 avocetur,
884 4437 911 4499 is
923 4436 1051 4500 curabit
1062 4445 1111 4514 ut,
1122 4459 1161 4500 ex
1171 4460 1325 4503 consensu
