3022 4874
248 140 290 205 50
533 136 669 201 Statutcr
683 140 722 222 os
730 136 822 199 Jecur
842 136 969 221 Collepa
990 138 1120 223 osferd.

247 302 360 386 (quem
374 319 475 383 penes
492 298 680 362 bursarium
695 296 799 361 officio
819 320 875 362 suo
893 299 927 362 in
942 299 1006 363 fine
1020 296 1168 384 computi
1184 294 1411 363 discedentem

247 408 377 450 manere
391 384 629 470 permittimus)
646 389 667 420 “
679 383 774 447 Onus
791 384 931 447 bursarii
941 384 960 411 ”
977 384 1136 470 appellari
1160 393 1296 469 potest.
1345 384 1411 447 Pos-

248 473 348 538 terior
363 472 475 555 (quem
492 471 526 535 in
548 469 644 533 domo
668 470 874 535 thesauraria
889 471 1030 553 relinqui
1044 480 1079 535 et
1093 470 1226 535 servari
1244 469 1413 555 volumus)

251 565 271 595 ‘⁴
283 557 484 621 Exoneratio
504 554 673 621 bursarii''
695 556 926 621 nominabitur.
973 558 1098 637 Atque,
1113 564 1154 619 ut
1176 577 1307 620 omnes
1323 577 1412 643 pecu·

35 663 139 736 nepam
149 662 179 709 or
249 645 379 709 nicrum
399 663 554 720 summas,
569 641 699 728 collegii
713 643 844 709 nominc
860 642 915 707 vol
929 641 1130 727 recipiendas
1146 641 1203 707 vel
1222 641 1413 721 solvendas,

35 726 141 781 '‘MP‘'
150 720 229 771 Μ·
250 740 379 795 tantum
399 729 434 791 in
454 727 544 793 dicta
558 727 653 791 domo
668 727 873 795 thesauraria
888 727 990 815 recipi
1005 737 1038 793 et
1052 726 1134 793 solvi
1150 727 1338 814 cupimus3
1363 727 1414 807 its,

35 786 155 840 ‘my'
250 815 328 901 (nisi
336 813 489 881 valetudo
497 812 848 899 bursariiimpedierit)
860 812 1105 897 quicquidalibi
1114 823 1297 898 receptum
1306 813 1415 893 fuerit,

248 901 339 966 intra
359 900 481 989 viginti
501 910 641 983 quatuor
660 898 817 965 horarum
836 900 981 986 spatium
1007 921 1028 963 a
1044 899 1246 984 receptione,
1272 899 1308 963 si
1331 900 1415 965 domi

248 987 336 1051 facta
350 987 404 1064 sit,
419 986 469 1053 sin
484 1006 631 1071 peregre,
652 995 727 1070 post
746 985 889 1053 reditum
908 985 1193 1062 numerandarum,
1218 984 1311 1050 illuc
1333 986 1415 1053 rele-

249 1072 399 1151 rendum,
414 1072 527 1159 ibique
544 1070 802 1150 custodiendum,
819 1071 920 1135 donec
940 1094 1018 1136 usus
1032 1069 1163 1156 collegii
1178 1069 1285 1136 aliter
1367 1084 1416 1139 tu·

249 1159 382 1236 laverit,
397 1158 581 1223 statuimus.
627 1156 795 1229 Similiter,
811 1157 854 1223 ad
873 1155 959 1221 hunc
974 1157 1073 1221 etiam
1090 1165 1240 1241 spectare
1258 1179 1307 1221 vo
1320 1181 1415 1223 umus

36 1265 213 1329 capessund-
251 1244 448 1322 obsonatori‚
465 1265 580 1329 promo
597 1252 630 1307 et
645 1264 758 1325 coquo,
771 1242 1053 1329 superintendere,
1072 1253 1117 1321 et,
1141 1242 1204 1306 sub
1227 1243 1416 1331 Principali

36 1326 227 1430 ⁰¹¹⁰⁰9f¹⁰⁰⁰¹1¹12d
252 1341 286 1394 et
308 1329 573 1416 Viceprincipali,
587 1337 626 1393 ut
645 1329 784 1415 quisque
808 1350 921 1397 eorum
940 1351 1036 1393 suum
1060 1327 1157 1393 faoiat
1182 1327 1337 1395 efficium
1358 1352 1416 1430 pro

36 1398 208 1500 ’.1131111111
252 1416 379 1483 viribus
394 1438 528 1492 curare3
548 1437 623 1479 vasa
637 1438 739 1480 aurea
754 1425 789 1479 ot
809 1425 966 1500 argentea
980 1438 1048 1481 suae
1063 1412 1221 1478 custodiae
1238 1436 1417 1483 commissa

37 1502 214 1562 morphe.
251 1505 285 1565 in
309 1501 406 1569 domo
429 1500 631 1569 thesauraria
656 1501 799 1569 fideliter
822 1499 996 1577 custodire,
1012 1510 1056 1578 et,
1070 1500 1129 1563 ubi
1143 1521 1231 1585 opus
1248 1500 1363 1573 fuerit
1375 1502 1416 1569 ad

250 1585 406 1653 honorem
428 1596 466 1650 et
488 1609 585 1650 usum
611 1586 749 1671 collegii,
765 1585 889 1653 aedituo
912 1596 946 1652 et
971 1608 1083 1671 promo
1105 1608 1163 1672 per
1193 1586 1414 1657 indenturam

251 1670 446 1749 deliberare,
462 1680 495 1735 et
519 1671 671 1756 congruis
697 1671 898 1757 temporibus
914 1693 1094 1756 reposcere,
1109 1682 1143 1736 et
1157 1670 1190 1736 in
1206 1670 1303 1739 dicta
1317 1674 1416 1743 domo

251 1756 402 1820 similiter
412 1755 630 1823 custodienda
644 1777 810 1841 reponere.
848 1756 1079 1843 Principalem,
1092 1756 1201 1821 Socios
1215 1768 1251 1825 et
1263 1772 1415 1841 caeteros,

253 1843 295 1908 de
320 1840 458 1909 summis
486 1841 701 1927 pecuniarum
724 1862 785 1925 pro
808 1842 954 1907 bettellis
979 1854 1013 1907 et
1037 1843 1241 1929 pupillorum
1271 1869 1412 1915 suorum

252 1928 480 2014 interpellare:
498 1935 532 1992 et
543 1927 650 2010 siqui,
661 1949 699 1993 eo
714 1927 787 2013 ipso
801 1926 933 2012 dieque
947 1929 982 1991 in
998 1930 1061 1992 fine
1071 1929 1414 2018 quarteriistipendis

177 2038 189 2053 ·
254 2015 356 2079 Sociis
379 2025 413 2079 et
435 2012 633 2083 scholaribus
652 2013 833 2084 solventur,
881 2036 917 2077 ro
940 2014 1036 2084 dictis
1058 2015 1205 2079 battellis
1222 2038 1295 2081 non
1316 2020 1414 2087 satis·

251 2100 398 2178 fecerint,
413 2122 525 2165 eorum
540 2100 672 2165 nomina
686 2099 834 2185 proximo
856 2037 911 2164 die
927 2100 1105 2187 Principali
1123 2101 1184 2177 vel,
1201 2124 1240 2165 eo
1254 2104 1413 2184 absente,

253 2185 504 2271 Viceprincipali
533 2184 670 2265 deferre,
695 2195 735 2250 ut
758 2184 810 2251 vel
833 2187 1002 2254 convictus
1024 2187 1247 2255 subtractione
1257 2190 1317 2256 rel
1331 2190 1413 2259 fide-

248 2269 413 2352 jussorum
439 2271 705 2355 implacitatione,
726 2272 779 2335 vel
803 2271 870 2338 alia
893 2272 1005 2356 aliqua
1029 2274 1156 2342 ratione
1178 2273 1349 2358 legitima,
1368 2277 1413 2343 ad

252 2354 518 2421 satisfaciendum
541 2376 602 2440 pro
624 2355 746 2419 eisdem
766 2358 891 2442 possint
906 2359 987 2444 cogi,
1031 2358 1067 2421 Si
1082 2359 1141 2442 qui
1156 2358 1321 2442 redditus,
1337 2386 1413 2447 quoe

38 2465 79 2510 nn
112 2463 138 2508 m
147 2464 214 2507 rents
254 2440 376 2519 debita,
400 2450 474 2525 post
502 2449 631 2526 tempus
657 2464 723 2524 quo
750 2442 831 2505 solvi
860 2445 1035 2528 oportebat
1061 2444 1204 2513 insoluta
1238 2458 1412 2528 maneant,

38 2537 68 2568 ⁰³
94 2523 156 2567 ‘'b‘'-
255 2548 354 2610 quarn
378 2526 524 2616 primum
547 2526 737 2612 Principali,
753 2537 821 2606 aut,
839 2551 877 2592 oo
897 2529 1039 2609 absente,
1056 2529 1328 2616 Viceprinoipali‚
1346 2558 1413 2619 quo

255 2612 1024 2712 deidoneoremedioprospiciatur,denuntiare.
1044 2616 1412 2703 Munimentaquoque,

40 2723 242 2783 cmeuyormu-
255 2698 449 2778 evidentias,
458 2699 685 2798 obligationes,
696 2699 890 2765 indenturas
904 2701 1007 2786 ipsius
1016 2701 1095 2765 fidoi
1110 2702 1305 2781 commissas,
1317 2705 1414 2771 intra

40 2783 153 2828 nimenta.
255 2785 578 2874 thesaurariam,sme
588 2785 766 2864 additione,
775 2785 1002 2861 diminutione,
1012 2788 1413 2873 alteratione,eustodire,

255 2882 290 2935 et
303 2871 362 2936 ubi
376 2873 424 2936 eis
439 2870 598 2941 utendum
614 2871 687 2946 erit,
703 2893 742 2935 ex
758 2893 890 2937 assensu
905 2872 1109 2959 Principalis,
1122 2874 1185 2952 vel,
1204 2896 1243 2938 eo
1256 2873 1411 2953 alluente,

252 2957 537 3042 Viceprincipalis,
561 2966 595 3021 et
618 2957 750 3042 majoris
782 2957 885 3041 partis
912 2957 1088 3031 Sociorum,
1112 2981 1171 3045 per
1194 2958 1409 3029 indenturam

253 3043 436 3107 deliberare
461 3043 545 3121 aliis,
573 3053 607 3108 et
637 3042 696 3107 ubi
721 3043 808 3108 ratio
834 3043 1033 3109 utendorum
1062 3045 1194 3114 illorum
1216 3049 1409 3120 cessaverit,

253 3128 367 3192 eadem
390 3150 567 3214 reposcere,
592 3139 627 3199 et
647 3139 820 3214 postquam
845 3130 1015 3214 receperit,
1039 3131 1250 3201 indenturam
1272 3131 1316 3197 de
1338 3133 1412 3199 illis

253 3213 382 3312 factam⁸
402 3215 587 3312 cancellare.
634 3215 799 3299 Denique,
836 3216 872 3283 in
909 3216 1136 3283 conservandis
1172 3217 1269 3287 sartis
1299 3219 1410 3292 tectis,

40 3318 213 3366 Praervauon
255 3298 386 3383 collegn
416 3299 542 3367 aedrbus
580 3311 614 3367 et
649 3302 792 3375 moeniis,
827 3303 1017 3385 ceterisque
1046 3303 1197 3371 omnibus
1237 3303 1410 3373 similibus

42 3379 212 3437 ⁰fb¹¹³¹d¹¹¹8⁸·
255 3384 399 3469 negotiis
435 3383 480 3453 ad
507 3384 640 3449 colleii
669 3385 872 3451 commodum
906 3389 1141 3471 spectantibus,
1165 3410 1225 3474 pro
1254 3389 1408 3474 ejusdem

257 3470 404 3535 utilitate
427 3469 578 3538 conficien
603 3469 641 3547 is,
665 3470 788 3535 bonum
811 3473 1019 3556 patremfami
1033 3475 1081 3543 ias
1109 3497 1215 3540 aere.
1270 3475 1410 3562 Stipen-

42 3586 89 3633 rus
99 3584 204 3646 sumno.
257 3556 350 3619 dium
373 3577 433 3640 pro
448 3554 535 3625 dioto
553 3554 665 3633 officio,
681 3555 747 3625 sint
762 3555 982 3642 quadraginta
996 3560 1093 3625 solidi
1109 3498 1152 3625 ed
1167 3570 1307 3643 quatuor
1325 3564 1410 3631 anni

257 3641 411 3705 terminos
425 3639 635 3739 percipiendi.
671 3640 773 3711 Poena
787 3644 967 3713 recusantis
976 3656 1034 3712 aut
1043 3647 1265 3732 negligentius
1280 3646 1409 3715 dictum

255 3749 374 3791 munus
388 3727 540 3791 obeuntis
565 3724 680 3789 eadem
704 3750 777 3810 quae
803 3728 839 3800 iu
864 3729 1160 3818 Viccprincipalem
1186 3743 1409 3813 recusantem,

255 3824 314 3880 aut
330 3811 554 3900 negligentius
569 3811 710 3882 officium
725 3836 821 3879 suum
836 3827 1057 3902 peragentem,
1073 3819 1251 3888 constituta
1265 3829 1325 3885 est

312 3964 461 4038 11.—1)e
475 3965 570 4051 efficio
585 3973 612 4026 et
623 3965 913 4116 ‘'wambe-⁶rmiiris
924 3971 1122 4055 philosophie
1145 3980 1173 4037 ct
1179 3972 1368 4061 preterieris

764 4075 794 4115 td
808 4075 839 4115 θί·
852 4075 915 4123 tcoe.

42 4165 67 4212 A
76 4178 163 4212 0²¹¹⁸01
172 4165 202 4210 ⁰f
299 4161 372 4235 Quo
381 4159 570 4246 juventutis
585 4162 731 4229 moribus
739 4171 772 4225 et
784 4163 819 4225 in
829 4162 945 4233 studiis
956 4163 1115 4248 profectui
1127 4167 1246 4231 melius
1256 4162 1410 4235 consula.

40 4223 245 4328 fflffiwfflw,
257 4257 324 4326 tur,
334 4247 511 4317 statuimus
527 4258 561 4311 et
576 4245 766 4313 ordinemus
776 4258 815 4311 ut
824 4247 890 4311 sint
899 4249 931 4311 in
942 4248 1029 4318 dicto
1044 4250 1179 4336 collegio
1196 4275 1280 4317 unus
1295 4275 1413 4321 censor

42 4341 105 4388 orm
130 4341 212 4390 aues.
256 4333 471 4419 philosophiae
485 4343 520 4399 et
534 4355 618 4403 unus
626 4333 798 4420 praelector
807 4333 989 4401 dialecticae
1017 4334 1169 4401 Censoris
1180 4337 1410 4425 philosophice,
