3022 4874
583 240 689 324 Royal
706 238 860 304 Chartcrs.
1259 245 1297 310 19

136 413 220 480 arios
243 437 302 481 seu
330 417 493 482 ministros
518 437 602 496 suos,
629 424 687 481 aut
712 415 876 482 dictorum
899 415 1065 482 haredum
1091 419 1145 482 vel
1168 440 1292 485 succes-

136 522 246 567 sorum
267 526 398 569 suorum
417 525 637 589 quoscunque,
663 502 740 566 inde
768 503 1056 578 occasionarentur,
1082 505 1292 570 molestaren-

129 596 203 662 tur,
219 588 464 677 impeterentur,
485 599 684 654 vexarentur
707 589 742 652 in
766 590 878 675 aliquo
901 612 960 653 seu
982 600 1208 676 gravarentur,
1232 615 1292 656 nec

135 695 249 740 eorum
263 677 383 763 aliquis
397 675 663 748 occasionaretur,
676 676 915 755 molestaretur,
934 688 1108 741 vexaretur
1123 677 1158 740 in
1179 677 1291 765 aliquo

136 783 194 826 seu
208 770 412 848 gravaretur,
451 771 527 826 rout
540 785 601 848 per
615 761 746 827 easdem
760 762 875 826 literas
889 772 1042 847 patentes
1061 762 1180 827 ultimo
1201 786 1290 828 men·

136 845 277 912 tionatas
291 849 391 932 (inter
406 784 486 932 slis)
497 849 625 935 plenius
639 848 745 932 liquet
759 858 794 913 et
808 861 957 934 apparet.
997 849 1110 913 Sciatis
1120 849 1209 932 quod
1221 871 1288 930 nos,

134 933 330 1018 praedictum
350 934 446 1021 pium
467 957 549 1020 opus
564 934 733 1022 praedictae
747 935 865 999 sororis
874 944 994 998 nostra
1006 935 1134 999 intuitu
1143 936 1290 1001 caritatis

133 1019 330 1104 aspicientes
343 1031 378 1087 et
393 1021 597 1097 affectantes,
612 1043 649 1085 ac
672 1021 760 1084 idem
785 1020 979 1108 pradictum
1002 1021 1095 1107 pium
1119 1044 1202 1108 opus
1226 1045 1289 1086 non

133 1106 237 1170 solum
260 1107 384 1172 futuris
408 1107 611 1194 temporibus
633 1107 767 1172 firmiter
790 1107 938 1172 stabilire
960 1116 996 1170 et
1018 1109 1218 1186 continuare,
1233 1111 1289 1173 sed

132 1192 248 1278 augeri
261 1203 296 1258 et
310 1194 506 1280 amplificare
520 1194 663 1280 gratiose
676 1193 829 1273 volentes,
840 1192 884 1257 de
895 1193 1004 1280 gratia
1018 1203 1130 1258 nostra
1143 1192 1287 1342 speciali,
1311 1239 1316 1246 -

28 1283 29 1286 ’
133 1301 171 1342 ac
185 1301 227 1344 ex
243 1291 332 1345 certa
344 1280 478 1346 scientia
493 1290 528 1345 et
541 1303 632 1345 mero
646 1290 739 1346 motu
750 1281 879 1359 nostris,
894 1279 1089 1365 praedictum
1112 1279 1162 1344 col

1176 1303 1194 1344 e
1219 1302 1287 1344 rum

131 1364 326 1431 eruditionis
352 1366 571 1446 scientiarum,
587 1367 810 1453 philosophia,
835 1367 993 1431 bonarum
1009 1365 1143 1444 artium,
1158 1304 1288 1452 linggua-

132 1473 207 1514 rum
223 1453 415 1552 cognitionis
432 1452 613 1530 Hebraicae,
632 1454 759 1516 Graeca
774 1461 807 1515 et
822 1451 962 1530 Latinae,
980 1452 1024 1516 ad
1037 1452 1169 1516 finalem
1188 1475 1289 1516 sacrae

133 1536 309 1624 theologia
338 1539 580 1622 professionem,
610 1539 781 1623 perpetuis
810 1537 932 1601 futuris
959 1538 1162 1622 temporibus
1186 1538 1286 1602 dura-

133 1632 255 1702 turum,
271 1623 306 1687 in
323 1624 479 1710 praedicto
494 1623 571 1704 solo,
592 1623 704 1701 fund0,
729 1624 796 1688 situ
812 1633 847 1688 et
868 1624 1056 1709 praecinctu,
1070 1624 1166 1688 dictae
1181 1647 1287 1712 nuper

132 1708 231 1773 Aulae
246 1709 431 1795 vulgariter
444 1720 566 1774 vocatae
574 1709 768 1789 Whitehall,
784 1731 858 1774 cum
872 1710 1092 1796 pertinentiis,
1108 1710 1285 1776 incivitate
1346 1783 1350 1786 ,

132 1794 201 1858 sive
225 1796 312 1860 alma
342 1796 509 1869 academia
537 1797 605 1859 sive
635 1795 859 1861 Universitate
887 1806 999 1860 nostra
1030 1795 1219 1868 Oxonieusi,
1248 1798 1284 1862 in

132 1881 289 1946 comitatu
303 1892 413 1947 nostro
428 1882 616 1961 Oxoniensi,
632 1893 787 1962 creatum,
804 1891 957 1957 erectum,
973 1882 1148 1947 fundatum
1163 1894 1198 1949 et
1218 1893 1284 1948 sta·

130 1967 275 2048 bilitum,
299 1991 362 2054 per
383 1979 561 2054 praesentes
580 1970 814 2033 confirmamus.
860 1969 910 2034 Et
929 1968 1068 2033 ulterius
1079 1969 1120 2033 de
1137 1970 1286 2035 uberiori

129 2053 239 2139 gratia
261 2065 372 2120 nostra
394 2055 556 2135 volumus,
577 2078 638 2141 pro
661 2056 764 2135 nobis,
782 2054 972 2119 haeredibus
988 2065 1022 2120 et
1047 2056 1286 2120 successoribus

130 2144 256 2212 nostris,
276 2142 472 2228 praedictum
488 2142 661 2228 collegium
676 2141 717 2206 de
732 2164 798 2206 uno
824 2140 1014 2226 Principali,
1039 2150 1112 2205 octo
1134 2140 1234 2204 Sociis
1249 2151 1284 2205 et

129 2235 201 2291 octo
222 2227 433 2306 scholaribus,
450 2250 618 2310 quousque
632 2225 838 2312 Principalis,
858 2236 929 2290 octo
948 2226 1033 2289 Socii
1048 2235 1083 2290 et
1097 2236 1169 2290 octo
1191 2226 1283 2292 scho-

129 2312 224 2386 lares,
240 2314 276 2377 in
291 2315 355 2378 hiis
371 2314 589 2401 praesentibus
603 2312 773 2386 nominati,
788 2334 845 2375 seu
868 2318 973 2398 major
997 2334 1073 2399 pars
1096 2312 1281 2384 eorundem,

130 2398 210 2463 alios
235 2400 317 2467 octo'
330 2401 450 2478 Socios,
467 2409 501 2464 et
516 2399 596 2463 alios
610 2407 681 2462 octo
702 2398 871 2476 scholares,
890 2397 926 2462 in
948 2398 1052 2463 forma
1075 2398 1128 2463 hic
1146 2399 1282 2464 inferius

129 2485 313 2570 specificata
334 2487 515 2572 eligerunt,
530 2493 563 2550 et
587 2484 651 2549 sibi
674 2485 754 2572 ipsis
774 2482 939 2548 addendos
962 2485 1226 2562 etassociandos3
1248 2498 1283 2552 et

128 2580 302 2655 postquam
316 2571 418 2637 iidem
435 2570 638 2657 Principalis,
649 2580 721 2635 octo
735 2571 821 2634 Socii
836 2579 871 2635 et
884 2581 956 2636 octo
981 2571 1154 2652 scholares,
1169 2572 1204 2635 in
1218 2572 1283 2636 hiis

129 2657 347 2740 prasentibus
369 2657 538 2735 nominati,
550 2656 603 2720 vel
627 2664 732 2743 maj0r
745 2679 822 2742 pars
842 2679 963 2733 eorum,
982 2656 1062 2721 alios
1075 2669 1147 2722 octo
1162 2659 1281 2739 Socios,

128 2752 162 2805 et
171 2741 252 2806 alios
261 2743 509 2814 octoscholares,
518 2743 669 2828 sibiipsis
678 2741 855 2819 addendos,
866 2743 1095 2829 utpraefertur,
1106 2744 1149 2806 eli
1173 2756 1282 2823 erunt,

129 2838 207 2893 tunc
222 2827 264 2894 de
280 2852 345 2893 uno
361 2829 546 2915 Principali,
559 2840 593 2893 et
602 2828 766 2893 sexdecim
786 2827 895 2906 Sociis,
908 2838 944 2892 et
954 2827 1116 2892 sexdecim
1127 2767 1281 2894 scholari·

127 2914 208 2992 bus3
225 2925 335 2980 tenore
344 2916 556 3000 praesentium
568 2915 703 2980 realiter
711 2924 745 2980 et
756 2913 798 2979 ad
807 2915 941 3001 plenum
949 2913 1074 2978 ibidem
1083 2914 1280 2991 ordinamus,

128 3001 363 3076 corstituimus,
377 3004 575 3067 ratificamus
593 3013 628 3067 et
649 3002 841 3080 stabilimus,
857 2999 1029 3086 perpetuis
1049 3000 1171 3064 suturis
1196 3012 1281 3065 tern-

128 3087 263 3171 poribus
272 3088 469 3154 duraturum
479 3115 487 3167 3
497 3099 532 3154 et
541 3089 587 3152 sic
596 3089 737 3153 stabiliri
745 3099 779 3153 et
791 3089 1036 3174 imperpetuum
1047 3086 1281 3153 inviolabiliter

126 3173 293 3238 observari
306 3175 458 3239 volumus
468 3185 500 3240 et
512 3176 687 3261 jubemus3
709 3175 898 3257 dictumque
906 3173 1084 3257 collegium
1095 3172 1280 3261 Collegium

128 3258 153 3322 J
154 3257 234 3324 hesu
249 3260 335 3324 infra
350 3261 533 3326 Civitatem
549 3271 582 3324 et
602 3259 857 3325 Universitatem
875 3259 1013 3323 Oxoniae
1028 3281 1071 3323 ex
1087 3254 1280 3326 fundatione

128 3343 269 3433 Regina
291 3346 510 3425 Elisabethae,
530 3345 669 3432 Anglice
692 3368 770 3410 vero
793 3348 906 3413 Jhesus
934 3345 1072 3431 Colledye
1100 3349 1208 3412 within
1231 3352 1281 3412 the

132 3430 218 3519 Cz'tty
239 3436 305 3498 aad
334 3434 525 3518 Universitye
538 3437 579 3516 <ff
591 3433 730 3518 Ozforth,
750 3437 790 3517 of
818 3434 934 3512 Quaene
951 3433 1128 3496 Elisabeths
1137 3437 1280 3518 seanda-

125 3520 202 3595 aon,
223 3525 322 3606 juxta
344 3519 490 3594 formam,
506 3518 664 3598 effectum,
680 3529 715 3583 et
737 3518 916 3583 secundum
932 3539 1042 3582 veram
1066 3519 1279 3584 intentionem

124 3605 356 3689 praedictarum
370 3604 543 3670 literarum
557 3605 742 3692 patentium
758 3606 865 3705 primo
879 3604 1101 3680 recitaturum,
1117 3609 1288 3693 imperpe,

15 3741 19 3747 .
128 3702 223 3756 tuum
236 3692 408 3771 nominari,
424 3692 606 3779 nuncupari
622 3703 654 3755 et
669 3713 785 3770 vocari,
795 3690 948 3755 volumus
958 3700 992 3754 et
1007 3690 1210 3756 decernimus
1219 3716 1280 3780 per

126 3789 314 3865 praesentes.
352 3780 397 3843 Et
413 3777 560 3854 ulterius,
577 3787 616 3841 ut
632 3778 803 3878 collegium
818 3775 903 3839 illud
918 3776 960 3840 de
970 3777 1113 3859 personis
1127 3780 1279 3865 congruis

126 3876 161 3930 et
184 3865 321 3953 singulis
344 3865 422 3930 locis
443 3874 480 3929 et·
500 3863 660 3951 gradibus
674 3887 742 3927 suis
756 3862 978 3951 provideatur,
994 3862 1231 3948 perimpleatur
1245 3876 1280 3930 et

127 3951 308 4033 decoretur,
325 3949 367 4016 de
381 3951 528 4018 uberiori
541 3951 652 4037 gratia
666 3961 776 4014 nostra
786 3949 929 4036 speciali,
945 3970 982 4012 ac
995 3970 1037 4012 ex
1049 3951 1279 4016 certascientia

127 4048 162 4102 et
186 4060 276 4103 mero
297 4048 390 4103 motu
412 4037 541 4115 nostris,
556 4037 805 4114 nominavimus,
824 4035 1058 4112 ordinavimus,
1082 4033 1218 4100 fecimus
1243 4048 1279 4103 et

126 4124 362 4197 constituimus,
379 4135 413 4188 et
471 4146 488 4187 r
502 4133 676 4209 praesentes
691 4123 906 4200 nominamus,
925 4119 1124 4198 ordinamus,
1144 4121 1279 4187 facimus

127 4219 161 4273 et
170 4210 407 4282 constituimus,
443 4210 577 4274 ilectum
591 4220 626 4275 et
641 4208 769 4273 fidelem
778 4217 923 4272 nostrum
932 4207 1108 4270 Eubulum
1118 4206 1279 4273 Thelwall

126 4293 274 4374 militem,
298 4318 403 4360 unum
422 4296 657 4383 Magistrorum
680 4295 791 4361 Curiae
811 4302 934 4358 nostrae
948 4291 1159 4357 Cancellariae
1178 4295 1213 4358 in
1227 4317 1279 4358 or·

126 4379 212 4459 dine,
220 4380 412 4446 modernum
427 4381 646 4468 Principalem
656 4381 788 4466 collegii
804 4380 963 4467 praedicti,
980 4401 1040 4530 pro
1052 4380 1193 4445 termino
1202 4381 1279 4447 vitae

125 4487 195 4530 suae
205 4489 215 4543 ;
228 4488 351 4532 necnon
362 4466 875 4639 inlocispraedictoppffhomae
886 4465 985 4553 Huyc
1011 4464 1190 4616 ,Johanpis
1200 4467 1280 4534 Cot-

712 4602 717 4613 .
1085 4574 1109 4616 n
1128 4557 1135 4584 ‘

1360 4488 1424 4596 1
