3022 4874
209 208 231 271 6
591 208 684 270 Jesus
703 205 828 290 Collega,
849 206 980 290 Oasord.

210 369 376 450 nominari,
406 369 591 456 nuncupari
620 380 654 435 et
684 368 801 448 vocari,
830 369 991 446 volumus,
1012 377 1048 434 et
1069 366 1272 431 decrevimus
1303 387 1371 452 per

210 468 397 544 praesentes.
444 457 493 521 Et
517 457 668 525 ulterius,
690 466 729 519 ut
752 456 924 543 collegium
947 453 1030 518 illud
1054 454 1096 518 de
1120 453 1265 540 personis
1290 473 1369 516 con-

210 543 301 630 gruis
326 543 359 606 in
385 543 434 605 sin
481 543 522 606 lis
546 542 622 606 locis
648 553 684 606 et
710 542 870 629 gradibus
894 541 960 605 suis
988 540 1212 627 provideatur,
1242 538 1370 624 perim-

233 630 343 693 leatur
366 639 400 693 et
447 640 602 709 ecoretur,
623 628 779 692 dilectum
801 629 895 706 nobis
920 626 1091 691 Davidum
1117 625 1227 688 Lewes
1249 625 1369 710 legum

209 653 398 792 iloctorem,
416 714 580 800 primum,·
591 704 1053 801 originalem’et'm'odemum,
1072 710 1288 796 Principalem
1303 711 1369 774 col·

210 799 241 864 lc
267 801 288 863 'i
310 801 413 864 nostri
438 800 599 887 praedicti,
623 823 661 865 ac
690 798 920 887 (le-praedicto
945 821 1079 864 numero
1104 807 1175 862 octo
1198 797 1368 860 Sociorum

210 887 241 949 T
266 908 371 949 ornam
398 886 513 950 Huick
532 885 845 974 legumrchtdrem,
871 886 1056 951 Jobannem
1073 883 1233 948 Cotterell
1253 881 1368 968 legum

213 972 401 1045 Doctorem,
431 960 764 1061 Jobannern·'Llo‘yd
795 973 904 1058 legum
937 973 1121 1049 Doctorem,
1146 968 1367 1032 Willielmum

212 1057 353 1144 Aubrey
379 1059 409 1122 le
458 1081 491 1122 rn
522 1050 707 1139 Doctoreni,
735 1058 917 1123 Robcrtum
954 1057 1108 1143 Laugber
1133 1055 1249 1141 legum
1277 1054 1367 1119 Doc-

213 1154 327 1223 torem,
365 1143 416 1208 Ro
441 1133 737 1227 ertupiss'dohnson
773 1166 871 1208 sacrae
903 1142 1079 1230 theologiae
1109 1141 1366 1219 baccalaureum,

211 1229 374 1294 Thomam
406 1228 668 1317 Huyt.‚'„artium
705 1229 913 1318 Magistrum,
951 1229 976 1294 J
978 1229 1135 1293 ohannem
1174 1226 1367 1314 Higgenson

211 1318 335 1380 artium
367 1316 589 1403 Magistrum
626 1339 747 1380 necnon
783 1317 822 1381 de
857 1338 993 1380 numero
1030 1315 1261 1400 praedictorum
1293 1323 1368 1376 octo

210 1400 420 1492 scholarii&
441 1393 640 1490 Gregorium
677 1403 875 1478 Downeball,
909 1402 1146 1466 Launeelotum
1181 1399 1367 1478 Andrewcs,

212 1481 406 1577 Johanqep‘r·
419 1487 570 1568 Wilford,
602 1489 806 1553 Franciscum
837 1490 1005 1566 YeomanS,
1031 1486 1249 1552 Willielmum
1277 1484 1366 1563 Plat,

210 1570 374 1662 Thornam
411 1575 516 1654 Dove,
553 1574 738 1640 Johannem
768 1575 946 1654 Osmunde‚
979 1574 1193 1637 Willielmum
1225 1569 1367 1646 Garthe,

201 1653 375 1729 ‚scholares
396 1660 547 1745 praedicti
572 1661 702 1747 collegii
728 1671 839 1725 tenore
867 1661 1077 1746 praesentium
1101 1659 1245 1734 facimus,
1276 1656 1367 1720 ordi-

195 1738 325 1809 'namus
340 1754 374 1807 et
389 1745 625 1823 constituimus
659 1768 694 1809 er
709 1757 893 1831 praesentes.
939 1746 1105 1822 Volentes,
1122 1745 1264 1830 insuper,
1277 1741 1367 1826 quod

170 1831 281 1898 'itam
304 1829 453 1916 praedicti
477 1769 679 1916 Principalis,
700 1841 772 1896 octo
791 1832 886 1910 Socii,
910 1842 944 1896 et
963 1843 1035 1897 octo
1058 1831 1220 1895 scholares
1237 1850 1366 1928 praeno-

212 1917 340 1995 minati,
357 1939 455 2000 quam
471 1917 528 1981 alii
542 1916 608 1980 illis
624 1917 838 2004 imposterum
863 1916 1052 1996 associandi,
1068 1917 1211 2005 eligendi
1225 1937 1291 1979 srva
1307 1914 1366 1979 ad-

207 2001 382 2090 jungendi,
397 2002 440 2067 ad
454 2003 577 2067 dictum
592 2025 766 2067 numerum
777 2004 875 2067 unius
887 2004 1091 2090 Principalis,
1104 2014 1176 2068 octo
1188 2002 1365 2080 Sociorum,

212 2099 246 2153 et
262 2099 335 2155 octo
357 2088 562 2167 scholarium,
577 2089 850 2176 perimplendum,
865 2089 899 2153 in
915 2091 1066 2153 omnibus
1082 2100 1115 2154 et
1135 2112 1193 2175 per
1208 2087 1316 2152 omnia
1331 2110 1366 2151 se

211 2184 336 2260 gerent,
352 2175 566 2251 exhibebunt,
580 2178 860 2241 conversabuntur
874 2185 909 2240 et
924 2177 1099 2262 eligentur,
1115 2176 1215 2259 juxta
1234 2173 1366 2239 ordina-

212 2258 326 2338 tiones,
348 2262 481 2347 regulas
501 2272 536 2326 et
558 2271 695 2342 statuta,
721 2264 755 2326 in
779 2263 839 2327 hac
885 2273 956 2327 arte
977 2263 1021 2325 im
1080 2274 1190 2327 terum
1208 2260 1315 2325 fienda
1332 2270 1367 2324 et

210 2346 245 2409 in
256 2347 462 2430 scriptisred'
489 2286 1006 2434 enda‚speeificaudaetdeclaran
1032 2372 1060 2414 a.
1088 2347 1251 2412 Volumus
1262 2347 1365 2409 etiam

212 2430 400 2495 ordinamus
415 2442 449 2497 et
486 2433 662 2497 eclaramus
679 2455 739 2520 per
757 2447 947 2521 praesentes,
966 2435 1054 2522 quod
1068 2434 1220 2520 praedicti
1235 2432 1364 2496 Princi-

211 2517 305 2603 palis,
324 2517 410 2581 Socii
425 2528 461 2582 et
475 2516 646 2597 scholares,
663 2519 706 2584 de
721 2533 837 2587 caetero
850 2522 916 2585 sint
938 2532 971 2586 et
994 2532 1093 2585 erunt
1112 2520 1153 2583 de
1169 2542 1212 2597 se,
1229 2526 1263 2582 et
1277 2518 1311 2581 in
1326 2539 1363 2581 re

211 2613 246 2667 et
260 2603 400 2682 nomine,
419 2626 522 2668 unum
541 2626 660 2691 corpus
677 2617 883 2706 corporatum
899 2617 935 2672 et
949 2608 1131 2693 politicum,
1156 2605 1365 2753 habeantque

103 2733 105 2736 .
211 2691 443 2757 successionem
457 2700 670 2778 perpetuam3
690 2716 841 2780 ipsosque
861 2695 1084 2779 Principalem,
1103 2692 1210 2757 Socios
1225 2701 1259 2755 et
1274 2713 1307 2753 sc
1331 2714 1363 2755 0-

211 2775 304 2852 lares,
320 2801 422 2843 unum
449 2800 567 2864 corpus
592 2790 799 2865 corporatum
819 2791 855 2844 et
878 2780 1049 2865 politicum
1073 2779 1107 2842 in
1128 2800 1165 2842 re
1183 2789 1219 2843 et
1235 2775 1364 2840 nomine

211 2863 359 2935 facimus,
374 2887 520 2929 creamus
535 2874 569 2929 et
585 2866 781 2941 stabilimus,
794 2888 830 2929 ac
845 2888 899 2928 eos
913 2887 973 2951 pro
987 2888 1052 2929 uno
1068 2887 1202 2950 corpore
1215 2863 1363 2941 facimus,

211 2947 425 3029 declaramus,
434 2951 621 3014 ordinamus
633 2960 665 3013 et
675 2963 891 3037 acceptamus,
903 2952 1065 3049 acceptari
1090 2975 1132 3015 ue
1141 2952 1293 3014 volumus
1302 2971 1366 3034 per

210 3046 399 3120 praesentes.
437 3036 487 3100 Et
502 3035 591 3123 quod
607 3037 671 3122 ipsi
682 3036 885 3121 Principalis,
897 3037 983 3099 Socii
999 3047 1034 3101 et
1050 2975 1220 3115 scholares,
1236 3057 1361 3099 eorum-

212 3142 278 3205 que
302 3141 506 3199 successores,
532 3144 592 3207 per
615 3144 731 3187 nomen
756 3122 961 3208 Principalis
989 3122 1157 3188 Sociorum
1183 3133 1216 3187 et
1240 3119 1363 3184 schola-

214 3205 311 3275 rium,
325 3205 470 3293 Collegii
484 3209 507 3273 J
509 3207 606 3272 hesus
621 3207 707 3272 infra
715 3208 881 3274 civitatem
891 3219 925 3272 et
939 3208 1199 3274 Universitatem
1210 3207 1362 3283 Oxoniae,

212 3313 254 3354 ex
276 3290 466 3357 fundatione
491 3294 631 3379 Reginae
655 3294 872 3374 Elisabethae,
895 3297 1059 3381 prosequi,
1086 3305 1206 3381 petere,
1222 3293 1364 3356 clamare

211 3386 247 3441 et
270 3376 437 3462 placitare,
458 3379 582 3463 possint
607 3390 641 3443 et
666 3380 873 3465 implacitari,
900 3404 937 3445 ac
961 3381 1138 3446 defendere
1161 3392 1195 3445 et
1218 3379 1362 3457 defendi,

211 3484 248 3526 ae
272 3462 467 3548 respondere
494 3474 528 3528 et
550 3464 746 3550 responderi,
770 3467 804 3528 in
823 3467 1077 3554 quibuscunque
1100 3468 1202 3530 curiis
1226 3474 1260 3528 et
1282 3465 1364 3528 locis

210 3548 323 3698 legum
352 3558 539 3614 nostrarum
565 3560 600 3614 et
630 3550 710 3614 alibi
735 3551 934 3639 ubicunque,
967 3576 1074 3618 coram
1111 3554 1364 3638 quibuscunque

207 3640 247 3722 ju
272 3634 388 3712 ioibus,
412 3635 446 3699 in
472 3646 506 3700 et
525 3658 624 3721 super
647 3638 796 3702 omnibus
820 3650 853 3705 et
873 3640 1013 3727 singulis
1032 3640 1146 3709 causis,
1171 3638 1362 3715 actionibus,

211 3722 314 3799 sectis,
338 3719 515 3801 demendis,
543 3723 700 3786 brevibus
723 3733 756 3788 et
779 3727 932 3812 querelis,
956 3728 1107 3800 realibus,
1122 3723 1362 3811 spiritualibus,

148 3882 152 3889 .
211 3804 441 3885 ecclesiasticis,
466 3808 689 3894 personalibus
716 3821 749 3875 et
772 3813 895 3889 mixtis,
913 3837 949 3878 ac
973 3815 1008 3876 in
1024 3812 1156 3899 placitis
1168 3817 1202 3871 et
1218 3808 1364 3892 querelis

211 3891 382 3957 assisarum
414 3915 506 3956 novae
534 3893 719 3974 dissaisinae,
749 3899 864 3962 mortis
896 3898 1116 3964 antecessoris,
1150 3892 1362 3964 attinctionis,

212 3978 336 4051 erroris,
353 3978 433 4043 seire
448 3979 556 4054 facias,
572 3983 781 4062 executionis,
797 3994 830 4047 et
848 3984 1053 4069 appellarum
1079 3994 1361 4066 quarumcunque,

211 4087 248 4129 aa
272 4062 307 4128 in
328 4063 480 4128 omnibus
505 4067 580 4130 aliis
604 4067 712 4146 rebus,
736 4071 842 4132 causis
868 4079 903 4132 et
925 4067 1075 4130 materiis
1098 4063 1360 4148 quibuscunque,

211 4150 300 4216 dicto
323 4148 475 4248 Collegio
501 4172 632 4238 quoquo
655 4153 751 4216 modo
773 4152 1025 4250 pertinentibus,
1039 4145 1271 4236 spectantibus.
1317 4144 1361 4209 Et

208 4234 301 4325 ‚quod
329 4256 388 4334 per
418 4236 506 4302 rdem
530 4259 646 4301 nornen
663 4259 820 4316 manena,
845 4236 1000 4314 dominia,
1024 4248 1138 4312 terras,
1164 4241 1360 4311 tenementa,

211 4342 438 4410 possessiones,
474 4320 757 4401 haereditamenta,
786 4323 930 4407 proficua
958 4333 993 4388 et
1028 4325 1259 4394 emolumenta,
1292 4329 1361 4383 tam

210 4406 397 4497 spiritualia
421 4407 491 4475 sive
517 4408 734 4476 ecclesiastica
760 4430 858 4496 quarn
889 4411 1089 4498 temporalia,
1114 4420 1149 4475 et
1173 4407 1239 4473 alia
1268 4427 1362 4493 quae·
