3022 4874
176 277 218 339 22
561 277 654 339 Jecur
672 272 800 359 Colleqe,
821 274 949 360 Oxford.

176 474 238 515 cun
262 472 304 516 uc
326 451 502 539 contigerit
517 451 661 538 aliquem
683 449 915 537 praedictorum
936 459 1009 513 octo
1026 448 1194 514 Sociorum
1209 457 1244 512 et
1257 458 1332 513 octo

177 475 371 602 schdlarium
385 539 420 601 in
435 537 497 601 hiis
520 538 737 624 praesentibus
751 536 1005 614 nominatorum,
1021 545 1079 600 aut
1097 534 1330 621 praedictorum

177 624 314 688 aliorum
328 633 400 689 octo
413 623 578 687 Sociorum
595 633 628 688 et
641 623 838 688 scholarium
853 622 1077 708 imposterum,
1091 631 1131 687 ut
1166 621 1331 700 raefertur,

176 709 398 774 addendorum
413 719 448 774 et
463 710 733 788 associandmnm,
748 731 806 773 seu
825 731 939 772 eorum
955 708 1108 791 aliquem,
1125 645 1226 787 obire,
1242 731 1331 773 rece-

177 796 266 875 dere,
278 818 437 875 amovere,
449 796 502 860 vel
513 793 620 860 locum
632 819 729 859 suum
740 816 866 878 quocun
890 817 932 858 ue
944 793 1010 858 alio
1024 793 1121 858 modo
1130 816 1244 859 vacare
1255 817 1330 859 con·

178 881 301 968 tigerit,
313 894 391 947 tunc
403 882 518 947 electio
530 882 666 947 alterius
675 881 759 947 Socii
770 882 837 945 sive
851 818 1014 960 abholaris,
1024 903 1062 944 ac
1073 880 1212 945 aliorum
1223 881 1331 946 Socio-

176 991 250 1032 rum
263 966 330 1033 sive
345 967 547 1048 scholarium,
560 969 631 1031 loco
642 969 709 1031 sive
720 967 799 1031 locis
808 967 894 1032 Socii
904 967 975 1031 sive
986 965 1149 1046 scholaris,
1162 967 1330 1032 Sociorum

176 1055 247 1118 sive
255 1054 457 1134 scholarium,
466 1055 511 1119 sic
520 1066 665 1131 vacante,
673 1054 715 1118 de
726 1065 869 1140 tempore
879 1054 1051 1139 intempus
1059 1055 1126 1133 fiat,
1132 1058 1231 1140 juxta
1240 1054 1329 1119 ordi·

176 1141 334 1220 nationes,
346 1141 479 1228 regulas
491 1153 525 1206 et
537 1151 672 1219 statuta,
685 1139 719 1204 in
731 1140 789 1206 hire
799 1151 894 1227 parte
906 1140 1129 1225 imposterum,
1142 1150 1181 1205 ut
1192 1140 1328 1226 praefer-

176 1238 242 1305 tur,
254 1227 372 1307 fienda,
388 1237 422 1292 et
437 1228 472 1290 in
488 1228 549 1291 scri
573 1228 616 1292 tis
630 1227 819 1313 redigenda,
835 1225 1049 1312 specificanda
1064 1235 1099 1289 et
1112 1225 1326 1292 declaranda:

177 1314 317 1397 acquod
332 1313 484 1400 praedicti
497 1336 533 1378 or
558 1337 587 1392 ο,
602 1313 718 1378 modus
736 1324 770 1377 et
785 1312 898 1390 forma,
914 1312 956 1376 de
972 1323 1120 1397 tempore
1135 1312 1169 1376 in
1184 1322 1328 1399 tempus,

175 1400 346 1486 perpetuis
361 1399 482 1465 futuris
496 1401 712 1486 temporibus,
730 1399 839 1463 Princi
863 1399 958 1478 alem,
980 1399 1086 1462 Socios
1107 1409 1141 1463 et
1156 1397 1329 1478 scholares,

176 1486 324 1571 ejusdem
346 1487 487 1573 collegii,
527 1487 563 1549 ui
585 1507 645 1573 pro
668 1495 813 1586 tempore
834 1422 967 1564 lirerint,
983 1495 1165 1572 tangentes,
1181 1485 1330 1550 totaliter

174 1571 337 1637 referetur
363 1572 407 1637 ad
435 1510 575 1660 praelata
602 1573 833 1651 ordinationes,
858 1571 993 1658 regulas
1019 1582 1053 1636 et
1081 1581 1219 1651 statuta,
1249 1571 1329 1637 dicti

174 1657 313 1756 collegii,
333 1659 551 1744 postmodum,
574 1669 614 1724 ut
636 1659 821 1745 praefertur,
844 1658 952 1722 fienda
974 1667 1010 1722 et
1032 1657 1235 1732 declaranda.
1279 1658 1329 1723 Et

174 1743 324 1823 ulterius,
348 1744 391 1807 de
413 1744 556 1808 uberiori
578 1745 688 1831 gratia
710 1755 828 1823 nostra,
850 1764 977 1807 summa
999 1745 1194 1809 auctoritate
1215 1756 1329 1809 nostra

174 1829 265 1915 regia
274 1829 524 1916 quahrngimur‚
538 1852 599 1916 pro
614 1829 706 1894 nobis
716 1829 900 1894 haeredibus
910 1840 944 1895 et
954 1831 1189 1894 successoribus
1200 1831 1329 1907 nostris,

174 1936 234 2000 per
255 1926 431 2000 praesentes
454 1915 658 1979 concedimus
680 1915 770 2001 quod
782 1916 954 2002 collegium
965 1915 1168 2002 praedictum,
1184 1938 1221 1979 ac
1234 1916 1328 1980 Prin·

175 2001 301 2088 cipalis,
316 2002 401 2065 Socii
415 2011 449 2066 ct
464 2001 626 2066 scholares
640 2000 725 2080 inde,
742 2011 775 2067 et
798 2024 993 2067 successores
1007 2002 1058 2067 sui
1073 2002 1326 2088 imperpetuum,

173 2087 340 2167 uniantur,
357 2098 581 2167 annectentur,
597 2088 837 2153 consolidentur
852 2100 886 2154 et
901 2089 1146 2175 incorporentur
1159 2087 1328 2174 praedictae

174 2173 392 2239 Universitati
414 2186 532 2240 nostrae
556 2175 743 2254 Oxoniensi,
765 2185 800 2238 et
821 2185 861 2238 ut
882 2196 968 2259 pars,
991 2185 1111 2262 partes,
1125 2172 1278 2260 paroellae
1293 2186 1328 2241 et

173 2260 328 2339 membra,
345 2261 489 2346 ejusdem
500 2260 736 2325 Universitatis
752 2261 934 2346 capiantur,
946 2261 1185 2347 adjudicentur,
1195 2271 1229 2325 et
1242 2262 1327 2338 sint3

174 2355 208 2409 ct
222 2346 311 2431 quod
327 2347 477 2410 omnibus
493 2356 526 2411 et
542 2347 680 2433 singulis
702 2347 883 2446 privilegiis
907 2359 940 2412 et
961 2347 1174 2413 libertatibus
1187 2347 1326 2433 quibus·

174 2453 314 2516 cunque,
339 2431 436 2496 dictae
458 2430 631 2497 academiae
662 2433 730 2497 sive
762 2434 981 2498 Umversrtati
1005 2444 1125 2499 nostrae
1150 2434 1327 2498 Oxoniensi

217 2538 298 2581 rnos
309 2539 368 2581 seu
378 2519 601 2603 progenitores
611 2529 736 2583 nostros
745 2542 836 2607 reges
846 2520 981 2607 Angliae
992 2520 1153 2585 hactenus
1162 2519 1326 2598 concessis,

188 2603 277 2668 ibere
294 2613 327 2668 et
342 2603 469 2691 integre
484 2603 650 2690 gaudeant
663 2615 698 2670 et
711 2605 864 2672 fruantur
883 2607 1134 2694 imperpetuum.
1179 2607 1225 2671 Et
1240 2606 1340 2670 ulte-·

173 2689 250 2769 rius,
261 2688 302 2754 de
316 2691 459 2754 uberiori
471 2691 577 2778 gratia
591 2703 710 2771 nostra,
726 2701 760 2757 et
775 2715 816 2756 ex
831 2701 919 2758 certa
932 2693 1069 2757 scientia
1084 2702 1118 2756 et
1132 2715 1221 2757 mero
1236 2702 1328 2757 motu

175 2776 302 2856 nostris,
319 2777 470 2842 dedimus
484 2786 518 2842 et
533 2778 758 2857 concessimus,
774 2789 808 2843 et
817 2800 877 2866 pro
891 2779 994 2858 nobis,
1010 2778 1196 2843 haeredibus
1206 2789 1241 2842 et
1255 2801 1327 2841 suc·

174 2863 352 2928 cessoribus
366 2864 496 2943 nostris,
512 2864 639 2943 damus,
656 2865 857 2929 concedimus
877 2876 911 2931 et
931 2865 1164 2936 confirmamus,
1179 2863 1327 2949 praefatis

174 2949 361 3036 Principali,
373 2951 472 3015 Sociis
487 2961 520 3015 et
534 2950 732 3015 scholaribus
742 2950 871 3037 collegii
880 2950 1039 3037 praedicti,
1049 2960 1084 3014 et
1092 2948 1327 3013 successoribus

173 3035 240 3099 suis
266 3035 516 3135 imperpetuum,
540 3047 647 3101 totum
670 3037 755 3102 illud
769 3037 912 3115 domum,
928 3036 1038 3115 situm,
1058 3045 1197 3122 septum,
1222 3035 1327 3099 ambi-

173 3128 255 3199 tum,
279 3122 449 3186 circuitum
476 3133 509 3187 et
532 3123 751 3209 praecinctum,
775 3123 871 3188 dictae
895 3145 999 3209 nuper
1022 3123 1123 3187 Aulae
1148 3121 1328 3210 vulgariter

174 3217 297 3271 vocatae
320 3207 512 3288 Whitehall,
542 3209 577 3272 in
601 3207 690 3275 dicta
712 3210 844 3275 civitate
870 3209 938 3273 sive
961 3209 1189 3274 Universitate
1216 3220 1326 3274 nostra

176 3291 364 3372 Oxoniensi,
379 3316 452 3358 curn
470 3295 621 3359 omnibus
643 3297 712 3360 suis
732 3296 875 3383 juribus,
889 3297 1044 3362 membris
1065 3304 1100 3362 et
1121 3295 1327 3383 pertinentiis

169 3377 341 3457 universis,
357 3402 394 3442 ac
416 3403 489 3445 cum
510 3383 660 3446 omnibus
682 3383 826 3469 antiquis
846 3383 1042 3470 privilegiis,
1064 3382 1273 3448 libertatibus
1293 3393 1328 3446 et

173 3463 286 3527 liberis
315 3467 603 3530 consuetudinibus
632 3467 778 3553 ejusdem
801 3469 919 3545 Aulae3
949 3492 987 3533 ac
1008 3470 1118 3535 omnia
1139 3479 1173 3532 et
1194 3467 1327 3552 singula

172 3549 331 3635 praedicta
345 3553 539 3638 messuagia,
555 3552 675 3632 domos,
699 3553 843 3633 aedificia,
859 3564 1048 3633 structuras,
1067 3552 1217 3639 capellas,
1236 3566 1326 3616 tene-

171 3645 293 3715 menta,
302 3636 483 3724 curtilagia,
492 3639 584 3718 atria,
596 3639 715 3719 hortos,
724 3640 882 3727 pomaria,
893 3638 1040 3726 gardina,
1052 3648 1179 3725 stagna,
1189 3636 1325 3716 vivaria,

172 3743 284 3807 aquas,
306 3723 469 3808 piscarias,
490 3725 691 3811 piscationes,
713 3726 842 3790 canales
867 3746 1039 3824 aquarum,
1069 3746 1165 3811 aquae
1194 3720 1325 3800 ductus,

172 3817 304 3887 terram,
317 3809 456 3873 fundum
466 3820 500 3875 et
515 3812 630 3889 solum,
645 3833 718 3876 cum
731 3811 948 3899 pertinentiis,
960 3810 1046 3874 infra
1058 3809 1199 3874 eundern
1213 3807 1324 3885 situm,

171 3904 309 3980 septum,
325 3905 358 3959 et
372 3895 542 3961 circuitum
558 3907 593 3961 et
606 3897 828 3983 praecinctum,
844 3895 990 3982 ejusdem
1004 3916 1110 3980 nuper
1124 3893 1234 3971 Aulae,
1251 3914 1325 3975 quae

172 3989 211 4044 ut
219 3991 330 4066 partes
339 3981 408 4046 sive
418 3983 570 4069 parcellae
579 4005 637 4047 seu
646 3983 791 4047 membra
799 3981 1038 4067 praemissorum
1050 3981 1184 4045 fuerunt
1191 3978 1324 4059 usitata,

170 4075 335 4150 reputata,
351 4068 421 4133 sive
438 4069 615 4143 aestimata3
639 4091 676 4133 ac
695 4069 796 4132 etiam
811 4077 919 4131 totum
933 4065 1068 4142 vitrum,
1111 4064 1325 4138 lumbum-ac

171 4172 360 4216 omnescam
386 4176 471 4234 anas,
481 4177 567 4234 vasa,
572 4154 699 4239 jocalia,
709 4161 908 4230 ornamenta,
917 4089 1185 4233 utensilialicna,
1193 4151 1325 4230 catalla,

171 4260 223 4303 res
245 4248 279 4303 et
301 4176 509 4325 implementa
526 4260 740 4326 quacunque,
758 4236 924 4323 praedictae
948 4256 1055 4322 nuper
1077 4238 1177 4302 Aulae
1202 4249 1325 4302 vocatae

171 4323 359 4405 Whitehall,
375 4348 433 4391 seu
446 4326 552 4391 eidem
566 4345 673 4408 nuper
688 4323 788 4386 Aulae
802 4345 890 4388 nunc
904 4321 956 4386 vel
977 4344 1085 4410 nuper
1104 4324 1213 4408 aliquo
1227 4323 1326 4388 modo

169 4412 354 4494 spectantia
368 4413 435 4477 sive
457 4409 667 4499 pertinentia.
700 4409 903 4474 Habendum
917 4420 952 4473 et
968 4411 1144 4476 tenendum
1166 4410 1325 4497 praedicta

168 4497 311 4581 domum,
333 4499 445 4582 situm,
468 4507 608 4586 septum,
631 4495 792 4562 ambitum
822 4508 857 4565 et
884 4495 1109 4583 praecinctum,
1140 4520 1177 4563 ac
1206 4508 1325 4564 catera
