3022 4874
163 231 190 299 ..8
548 231 641 293 Jesus
660 228 789 317 Collega,
809 230 937 315 chord.
1000 228 1003 241 '

173 398 219 461 Et
232 406 403 482 praeterea,
420 393 463 458 de
477 395 621 458 uberiori
636 394 744 481 gratia
758 403 878 473 nostra,
891 391 1041 456 dedimus
1055 403 1088 457 et
1102 390 1321 463 concessimus,

172 505 209 546 ac
222 504 282 566 per
297 490 482 566 praesentes,
498 503 557 566 pro
574 482 674 552 nobis,
691 480 878 544 haeredibus
894 489 930 543 et
944 479 1179 543 successoribus
1194 479 1321 547 nostris,

173 570 288 630 damus
303 577 339 631 et
353 566 554 630 concedimus
568 566 717 653 praefatis
738 565 928 653 Principali,
948 566 1048 629 Sociis
1064 575 1096 628 et
1112 564 1321 632 scholaribus,

173 654 301 739 collegii
330 655 430 717 nostri
468 653 627 738 praedicti,
659 665 694 717 et
720 653 953 716 successoribus
983 652 1060 728 suis
1089 661 1195 716 totum
1229 650 1322 713 illam

174 741 317 817 domum,
347 739 456 816 situm,
481 751 623 826 septum,
655 740 826 818 ambitum,
853 739 1025 802 circuitum
1048 748 1083 801 et
1111 737 1322 823 procinctum,

174 826 271 889 dictae
295 847 400 909 nuper
423 825 517 902 aulae,
534 826 717 912 vulgariter
739 834 935 910 nuncupatae
962 823 1157 901 Whitehall,
1175 823 1210 886 in
1234 822 1323 887 dicta

174 913 307 976 civitate
332 911 402 974 sive
429 910 653 976 Universitate
679 923 789 976 nostra
813 911 999 989 Oxoniensi,
1022 933 1095 975 cum
1117 910 1267 973 omnibus
1289 919 1324 972 et

174 998 315 1084 singulis
330 997 396 1059 suis
407 997 548 1084 juribus,
564 997 717 1061 membris
740 1008 779 1061 et'
795 997 1001 1082 pertinentiis
1016 996 1182 1071 universis,
1199 1019 1236 1059 ac
1250 1017 1323 1058 cum

176 1085 325 1148 omnibus
345 1084 488 1168 antiquis
511 1084 704 1170 privilegiis,
726 1084 939 1148 libertatibus
962 1094 996 1147 et
1018 1082 1132 1146 liberis
1153 1092 1324 1146 consuetu-

176 1170 311 1233 dinibus
335 1169 480 1254 ejusdem
504 1170 607 1247 aulae3
629 1193 666 1233 ac
681 1170 779 1234 etiam
803 1169 910 1233 omnia
925 1181 958 1233 et
980 1169 1110 1256 singula
1132 1169 1324 1253 messuagio,

177 1256 298 1335 domos,
329 1256 475 1326 aedificia,
505 1266 696 1335 structuras,
727 1255 877 1342 capellas,
903 1264 999 1334 tecta,
1023 1255 1205 1341 curtilagia,
1228 1255 1324 1322 atria.

176 1342 294 1415 hortos,
326 1342 483 1426 pomaria,
513 1343 698 1427 gardinum,
727 1351 856 1428 stagna,
881 1342 1016 1417 vivaria,
1042 1364 1154 1427 aquas,
1177 1341 1324 1426 piscaria,

178 1429 379 1514 piscationes,
410 1427 540 1491 canales
564 1451 734 1512 aquarum,
759 1429 999 1511 aquaeductum‚
1027 1439 1159 1499 terram,
1187 1426 1326 1490 fundum

179 1525 213 1578 et
236 1515 352 1582 solum,
368 1537 441 1576 cum
468 1514 684 1598 pertinentiis,
708 1514 794 1578 infra
817 1514 956 1577 eundem
976 1516 1088 1589 situm,
1107 1523 1247 1599 septum,
1263 1513 1325 1576 cir-

178 1601 304 1664 cuitum
320 1611 354 1664 et
369 1600 586 1685 praecinctum,
603 1600 747 1686 ejusdem
771 1622 879 1685 nuper
894 1600 988 1678 aulae,
1006 1601 1186 1686 vulgariter
1201 1611 1326 1663 vocatae

179 1685 369 1758 Whitehall
385 1695 445 1749 aut
467 1709 538 1769 quac
563 1697 602 1750 ut
625 1709 712 1772 pars,
742 1686 884 1772 parcella
898 1709 956 1750 seu
971 1687 1164 1760 membrum,
1181 1685 1326 1770 ejusdem

178 1772 270 1851 situs,
307 1772 450 1834 ambitus
480 1782 514 1835 et
542 1774 735 1857 procinctus,
765 1772 897 1836 fuerunt
926 1773 1059 1850 usitata,
1089 1782 1243 1858 reputata
1269 1794 1327 1834 seu

179 1859 350 1934 aestimata,
362 1879 437 1942 quae
447 1879 552 1942 nuper
566 1857 702 1922 fuerunt
715 1858 909 1944 Principalis
925 1868 960 1921 et
974 1857 1168 1922 scholarium
1180 1857 1327 1942 ejusdem

180 1966 283 2030 nuper
300 1944 393 2019 aulae,
410 1943 592 2026 vulgariter
606 1954 727 2007 vocatae
742 1942 936 2020 Whitehall,
956 1945 989 2007 in
1006 1943 1096 2008 dicta
1112 1945 1244 2008 civitate
1257 1944 1327 2007 sive

180 2030 404 2094 Universitate
416 2039 525 2092 nostra
533 2029 726 2107 Oxoniensi3
738 2030 880 2093 acetiam
889 2031 1326 2117 totumvitrumplumbum,

179 2139 216 2179 ac
231 2117 338 2179 omnia
357 2137 537 2200 campanas,
561 2138 648 2194 vasa,
671 2115 801 2202 jocalia,
826 2127 1029 2195 ornamenta,
1052 2117 1216 2195 utensilia,
1235 2117 1328 2187 bona,

179 2201 307 2280 catalla,
329 2225 380 2265 res
403 2210 437 2264 et
460 2201 670 2287 implementa
688 2224 898 2285 quaecunque,
914 2202 1079 2288 praedictae
1101 2225 1206 2289 nuper
1233 2203 1327 2280 aula,

180 2299 302 2352 vocatae
313 2287 504 2351 Whitehall.
533 2287 745 2365 Habendum,
757 2288 935 2353 tenendum
945 2297 978 2352 et
986 2288 1209 2374 gaudendum,
1220 2289 1330 2352 omnia

180 2373 338 2460 predicta
362 2373 479 2446 solum,
501 2373 650 2453 fundum,
671 2374 781 2453 situm,
803 2387 942 2460 septum,
968 2376 1139 2454 ambitum,
1156 2376 1328 2440 circuitum

172 2470 215 2540 ,et
229 2460 440 2544 procinctum,
454 2482 491 2522 ac
505 2460 613 2523 omnia
625 2460 787 2547 praedicta-
798 2462 991 2547 messuagia,
1004 2462 1195 2536 mansiones,
1207 2462 1328 2535 domos,

181 2545 327 2624 aedificia,
351 2545 444 2621 atria,
469 2555 659 2624 structuras,
683 2546 805 2624 hortos,
834 2547 992 2632 pomaria,
1017 2548 1167 2632 gardina,
1191 2547 1328 2625 canales,

180 2644 309 2718 stagna,
335 2631 472 2706 vivaria,
492 2653 528 2693 ac
554 2641 675 2695 terram
691 2641 726 2696 et
742 2633 856 2709 solum,
873 2633 957 2696 infra
972 2633 1111 2699 eundem
1127 2635 1239 2712 situm,
1256 2656 1329 2697 cum

180 2719 328 2781 omnibus
343 2727 377 2780 et
392 2717 528 2804 singulis
542 2719 687 2804 antiquis
699 2718 892 2805 privilegiis,
905 2719 1018 2783 liberis
1033 2720 1331 2792 consuetudinibus,

181 2828 218 2868 ac
248 2804 459 2868 libertatibus
489 2814 525 2868 et
552 2805 767 2890 pertinentiis,
796 2827 861 2868 una
893 2827 966 2868 cum
994 2806 1159 2890 praedictis
1184 2805 1328 2890 plumbo,

181 2891 277 2962 vitro,
292 2890 469 2975 campanis,
486 2891 627 2969 vasibus,
650 2892 822 2975 Jocalibus‚
841 2891 1052 2968 ornamentis,
1072 2892 1175 2964 bonis,
1190 2890 1329 2964 catallis,

180 2978 278 3040 rebus
294 2984 326 3039 et
344 2976 572 3059 implementis‚
589 2999 626 3039 ac
640 2978 765 3040 caeteris
780 2978 932 3040 omnibus
948 2986 982 3039 et
997 2976 1134 3062 singulis
1156 2976 1331 3062 praemissis

181 3063 330 3149 superius
354 3062 511 3147 expressis
535 3073 570 3126 et
593 3062 794 3147 specificatis,
815 3086 887 3126 cum
907 3084 1018 3126 eorum
1035 3063 1243 3148 pertinentiis
1259 3063 1329 3125 uni·

181 3150 292 3226 versiS,
308 3148 452 3234 praefatis
467 3148 654 3234 Principali,
669 3149 772 3212 Sociis
785 3160 817 3212 et
833 3148 1042 3218 scholaribus,
1055 3150 1331 3214 etsuccessoribus

181 3235 257 3303 suis,
268 3234 519 3320 imperpetuum,
530 3233 571 3296 de
586 3235 689 3313 nobis,
706 3234 893 3299 haeredibus
902 3245 937 3299 et
952 3237 1186 3300 successoribus
1201 3236 1329 3313 nostris,

182 3322 216 3383 io
232 3321 380 3398 liberam,
402 3341 518 3405 puram
541 3331 575 3384 et
595 3331 799 3406 perpetuam,
816 3322 1052 3388 eleemosinam.
1100 3323 1252 3407 Cumque
1261 3329 1332 3409 jam

182 3405 402 3470 intelleximus
432 3404 518 3489 quod
554 3405 656 3492 Hugo
686 3408 807 3493 Aprica
835 3408 947 3494 legum
975 3409 1108 3487 Doctor,
1135 3420 1169 3473 et
1192 3409 1331 3472 ecclesiae

182 3489 378 3555 cathedralis
401 3489 609 3553 Menevensis
635 3493 669 3554 in
685 3494 841 3556 comitatu
861 3505 970 3558 nostro
984 3493 1245 3558 Pembrochiensi
1261 3493 1331 3557 the-

182 3577 358 3655 saurarius,
388 3576 546 3639 instinctu
576 3578 730 3656 caritatis
762 3577 871 3641 divina
901 3579 1124 3664 praeveniente
1152 3580 1271 3664 gratia,
1296 3579 1332 3641 in

183 3663 326 3727 animum
350 3661 484 3726 induxit
508 3662 639 3727 diversa
654 3664 810 3741 maneria,
828 3674 942 3735 terras,
958 3675 1154 3742 tenementa,
1169 3663 1331 3741 redditus,

183 3748 392 3824 reversiones,
417 3748 550 3813 servitia
577 3760 611 3813 et
640 3749 707 3814 alia
735 3748 1006 3815 haereditamenta
1032 3772 1104 3826 sua,
1126 3749 1207 3812 clari
1232 3750 1331 3812 annui

184 3835 302 3898 valoris
330 3833 502 3982 sexaginta
531 3835 688 3899 librarum
716 3858 776 3921 per
804 3856 934 3913 annum,
964 3835 1108 3919 praefatis
1141 3835 1331 3920 Principali,

185 3920 285 3984 Sociis
314 3929 348 3982 et
378 3942 409 3982 sc
433 3920 587 4000 claribus,
616 3932 650 3985 et
676 3919 907 3985 successoribus
930 3921 1005 3991 suia,
1031 3929 1144 3983 nostra
1167 3920 1332 3984 mediante

182 4005 325 4078 licentia,
341 4004 418 4068 dare
428 4016 461 4069 et
471 4006 654 4085 concedere,
665 4008 699 4070 in
708 4005 886 4070 maximum
896 4004 1060 4069 Sociorum
1076 4015 1112 4068 et
1125 4004 1332 4084 scholarium,

182 4091 287 4157 literis
311 4090 432 4154 ibidem
459 4091 722 4163 incumbentium,
748 4091 889 4154 solamen
915 4101 949 4155 et
972 4090 1230 4167 incitamentum,
1246 4093 1332 4178 opti-

183 4200 336 4261 mumque
345 4176 493 4240 omnibus
505 4177 608 4241 simile
619 4178 751 4262 posthac
758 4175 955 4239 imitandum
967 4178 1116 4263 praebens
1128 4179 1313 4262 exemplum
1323 4203 1332 4256 ;

185 4267 255 4330 Nos
278 4263 392 4349 igitur,
409 4272 446 4324 ut
471 4262 540 4327 haec
562 4285 621 4325 sua
636 4262 752 4326 devota
766 4261 901 4325 intentio
916 4263 1065 4327 debitum
1083 4272 1115 4326 et
1135 4276 1334 4350 perpetuum

184 4361 295 4415 nostra
310 4347 405 4435 regia
419 4346 574 4412 facultate
597 4348 694 4410 simul
721 4357 754 4412 et
776 4348 971 4413 auctoritate
993 4349 1149 4413 sortiatur
1169 4351 1333 4430 effectum,

179 4437 226 4524 ¹ad
242 4435 397 4500 humilem
412 4433 605 4520 petitionem
620 4433 764 4519 ejusdem
781 4432 944 4522 Hugonis,
958 4435 999 4499 de
1015 4435 1123 4523 gratia
1137 4448 1247 4502 nostra
1260 4460 1334 4523 spe-
