3022 4874
403 252 539 318 Statutes
554 254 592 334 of
601 251 694 312 Jesas
713 247 839 332 Collapa
861 244 988 330 Ocsord.

535 482 685 547 10.—De
699 484 849 547 burserio.

161 606 235 683 Quo
263 605 390 685 meliuS,
417 626 480 669 non
510 604 614 668 solum
635 602 811 673 commodo,
843 600 901 665 sed
924 599 1041 665 honori
1066 600 1166 665 etiam
1190 601 1273 666 dicti

118 691 250 778 collegii
270 713 345 777 pros
370 691 497 769 iciatur,
520 689 657 776 singulis
681 712 723 752 ue
747 699 820 753 tum
843 687 1024 751 domesticis
1049 697 1120 752 tum
1146 686 1270 767 alienis,

117 777 311 862 quibuscum
326 713 453 863 aliquid
466 774 646 840 commercii
659 712 850 852 babebitur,
868 773 996 860 plenius
1009 781 1045 837 et
1060 773 1270 859 tranquillius
1283 790 1456 839 alecuonofs

118 863 267 943 satisfiat,
282 863 431 926 volumus
441 872 479 928 ut
491 862 534 926 sit
549 884 634 926 unus
644 860 833 937 bursarius3
849 859 882 922 in
893 865 986 945 cujus
994 859 1163 939 electione,
1170 864 1271 944 juxta
1283 848 1382 897 numu.
1475 934 1478 939 Ι

117 947 253 1012 formam
290 948 458 1012 electionis
488 947 674 1033 Viceprinci
698 946 759 1010 alis
803 944 961 1018 facienda,
999 966 1150 1030 magnam
1182 968 1202 1008 a
1236 969 1270 1009 sc

116 1033 275 1099 rationem
290 1044 325 1098 et
339 1033 514 1099 fidelitatis
537 1044 573 1098 et
595 1055 659 1119 pru
683 1031 781 1098 entiae
806 1031 991 1094 habendam
1016 1031 1157 1118 quisque
1186 1030 1271 1094 elec-

117 1129 226 1184 torum
240 1129 420 1206 cognoscat.
451 1119 612 1196 Quoniam
621 1127 816 1203 autem'quae
828 1116 872 1180 ad
881 1116 1019 1180 officium
1028 1121 1098 1201 ejus
1110 1127 1270 1200 spectant,

116 1227 155 1269 eo
169 1205 307 1284 facilius
324 1205 526 1292 diligentius
540 1216 573 1269 et
591 1204 712 1268 minore
730 1205 743 1267 i
766 1226 873 1266 sorum
889 1202 1042 1289 periculo,
1057 1203 1165 1265 confici
1181 1224 1272 1287 posse

117 1313 182 1354 non
197 1291 400 1371 dubitamus
411 1315 477 1377 quo
493 1290 703 1356 distributius
716 1229 775 1376 [de
790 1290 839 1372 eo]
852 1288 975 1352 anobis
985 1287 1155 1367 statuitur,
1166 1297 1271 1351 statu·
1284 1319 1320 1363 To
1330 1318 1427 1364 receive

117 1375 201 1440 imus
214 1387 251 1442 ut
268 1383 338 1463 ejus
352 1378 396 1441 sit
407 1400 516 1442 omnes
532 1376 692 1450 redditus
707 1384 896 1462 proventus,
912 1374 1030 1451 exitus,
1043 1374 1131 1452 fines,
1147 1374 1270 1437 fructus
1284 1383 1359 1434 renis,
1368 1380 1411 1424 &⁰-

118 1471 155 1525 et
182 1463 361 1549 pensiones,
386 1464 528 1527 omnium
549 1461 782 1539 maneriorum,
806 1469 976 1531 terrarum,
1001 1468 1270 1536 tenementorum,

118 1549 330 1612 rectoriarum
344 1558 379 1612 et
397 1548 646 1634 possessionum,
669 1545 887 1631 undecunque
905 1544 1166 1630 provenientium
1180 1555 1214 1609 et
1229 1545 1272 1609 ad

118 1632 243 1698 dictum
259 1634 431 1720 collegium
445 1632 691 1719 pertinentium,
706 1652 911 1716 summasque
926 1651 1033 1694 omnes
1050 1631 1274 1716 pecuniarum,

119 1740 311 1817 quacunque
326 1719 491 1783 occasione
507 1718 595 1782 dicto
611 1717 749 1802 collegio
765 1714 993 1780 solvendarum
1008 1728 1066 1780 aut
1077 1716 1272 1796 debitarum,

119 1803 162 1866 de
185 1804 330 1883 ballivis,
352 1805 536 1876 oeconomis,
555 1803 837 1889 procuratoribus,
854 1801 1013 1881 firmariis,
1030 1803 1224 1889 praepositis,
1241 1817 1273 1868 et

118 1889 193 1952 aliis
217 1889 439 1976 receptoribus
465 1900 500 1954 et
520 1889 737 1968 debitoribus,
757 1887 928 1952 datoribus
948 1898 983 1952 et
1007 1891 1274 1976 computantibus

118 1975 377 2061 quibuscunque,
387 1976 550 2062 recipere3
565 1985 598 2039 et
610 1975 855 2060 postulantibus
865 1996 924 2061 pro
936 1975 1077 2060 receptis
1090 1998 1152 2061 per
1165 1975 1273 2061 ipsum

118 2061 353 2147 acquietantias
384 2062 488 2126 facere
522 2072 556 2126 et
581 2061 786 2140 deliberare;
825 2072 859 2126 et
892 2060 1111 2146 undecunque
1141 2072 1273 2160 recepta

120 2146 272 2227 fideliter,
291 2153 389 2232 juxta
419 2170 565 2212 normam
592 2148 690 2232 hujus
717 2147 847 2225 statuti,
877 2167 1005 2208 servare
1034 2155 1069 2209 et
1097 2146 1271 2210 custodrre.
1331 2153 1342 2168 ⁹

122 2231 216 2312 Item,
246 2234 421 2319 stipendia,
452 2234 633 2319 pensiones,
665 2233 855 2296 annuitates
878 2231 1021 2306 solvere3
1053 2231 1210 2295 debonis
1237 2244 1272 2296 et
1285 2255 1431 2317 ropsyffi.

119 2317 307 2382 salubribus
321 2319 519 2383 victualibus
566 2316 751 2382 rovidendis
775 2339 884 2380 curam
908 2338 1019 2400 agere3
1043 2318 1270 2403 expositiones
1284 2316 1368 2417 Pgssdb
1377 2329 1460 2420 13⁰2,

120 2404 252 2491 collegii
274 2405 403 2468 nomine
428 2338 602 2482 faciendis,
619 2403 672 2466 vel
697 2401 884 2465 immediate
909 2423 970 2487 per
994 2425 1028 2466 se
1052 2404 1106 2467 vel
1130 2404 1271 2469 mediate
1284 2379 1436 2477 persevera
1461 2388 1481 2433 ⁸'

119 2510 180 2573 per
204 2490 306 2553 alium
332 2491 388 2553 vel
412 2490 492 2554 alios
523 2490 629 2552 faeere
641 2512 651 2565 ;
680 2489 875 2567 obsonatori,
899 2488 1089 2574 septimana
1112 2496 1271 2578 cujusque

120 2574 226 2652 initio,
244 2584 370 2638 tantam
381 2575 530 2661 pecuniae
546 2596 713 2646 summam,
729 2586 886 2660 quantam
909 2574 951 2637 ab
966 2597 1005 2638 eo
1019 2575 1079 2639 illa
1093 2598 1270 2662 expensum

120 2660 165 2723 iri
189 2659 223 2722 in
242 2660 373 2746 collegii
396 2683 491 2723 usum
517 2658 709 2739 crediderit,
730 2683 799 2745 prae
822 2660 975 2723 manibus
998 2660 1137 2739 tradere,
1155 2663 1208 2725 vel
1234 2685 1272 2725 eo

120 2744 176 2808 die
198 2767 265 2831 quo
283 2768 324 2808 ox
347 2746 436 2809 dicto
460 2747 651 2810 obsonatore
679 2746 784 2831 ipsum
799 2744 937 2831 pecunia
959 2744 993 2808 in
1018 2746 1146 2834 collegii
1176 2769 1271 2811 usum

120 2831 266 2919 indigere
290 2831 489 2919 cognoverit,
520 2853 715 2908 numerare3
752 2853 864 2895 rerum
893 2831 927 2893 in
958 2831 1098 2916 coquina
1131 2841 1166 2896 et
1195 2833 1272 2895 aula

120 2939 337 3002 expensarum
352 2918 489 3004 singulis
504 2917 617 2981 diebus
625 2916 774 2996 Veneris,
789 2918 869 2982 hora
883 2917 988 3003 prima
1001 2926 1077 3002 post
1091 2916 1271 2996 meridiem,

120 3002 185 3064 nisi
199 3004 251 3066 vel
266 3026 286 3066 a
300 3003 386 3068 dicto
401 3003 550 3090 collegio,
567 3026 607 3067 ex
622 3026 752 3067 assensu
766 3003 960 3090 Principalis
978 3013 1046 3081 aut,
1063 3025 1101 3066 eo
1125 3005 1270 3082 absente,

121 3085 400 3185 Viceprincipalis,
414 3090 512 3168 absit,
528 3090 581 3153 vel
595 3089 783 3154 valetudine
807 3088 1018 3176 impediatur,
1045 3087 1270 3153 hebdomada-

121 3172 182 3235 tim
198 3173 288 3248 1nire,
305 3173 359 3238 vel
374 3174 489 3238 saltem
504 3175 650 3259 proxime
664 3177 815 3261 sequenti
832 3176 887 3240 die
902 3197 962 3261 por
978 3173 1106 3239 Socium
1126 3174 1269 3260 aliquem

119 3280 161 3322 ex
176 3260 318 3321 maxime
332 3259 514 3322 senioribus
529 3259 606 3322 iniri
620 3261 736 3326 facere.
782 3260 832 3324 Ad
847 3270 1035 3346 computum
1052 3260 1096 3324 de
1118 3262 1270 3325 omnibus
1283 3284 1319 3328 ro
1329 3284 1390 3344 keep
1400 3297 1439 3335 aa·

121 3355 192 3407 tum
218 3345 357 3429 receptis
384 3355 454 3408 tum
479 3345 638 3431 expensis,
663 3344 798 3432 singulis
822 3347 900 3410 anni
924 3347 1109 3431 quarteriis,
1130 3346 1271 3413 fideliter
1283 3348 1378 3390 ΟΜΝ·

120 3429 303 3494 faciendum
313 3440 467 3517 paratum
477 3453 558 3507 esso;
575 3441 608 3494 et
617 3431 802 3516 quotannis,
814 3455 923 3495 mense
932 3431 1054 3496 scilicet
1063 3434 1271 3510 Novembris

120 3515 239 3580 diebus
254 3537 274 3578 a
289 3515 468 3601 Principali
483 3517 700 3603 praefigendis,
717 3519 901 3604 generalem
945 3540 980 3582 ro
1001 3527 1070 3582 toto
1085 3541 1171 3583 anno
1185 3542 1270 3583 com-

118 3611 239 3749 putum
259 3602 409 3665 similiter
430 3601 575 3666 reddere.
621 3604 677 3680 Et,
696 3626 764 3691 quo
789 3541 989 3668 commodius
1009 3603 1068 3668 hoc
1092 3605 1159 3681 fiat,
1187 3605 1270 3670 duos
1283 3626 1342 3670 Two
1351 3625 1436 3683 books,
1446 3626 1486 3672 for

131 3688 218 3751 ibros
241 3687 276 3751 in
299 3698 454 3774 promptu
479 3711 545 3751 sem
573 3711 608 3753 er
630 3687 761 3767 habere,
789 3712 903 3766 unum,
924 3690 959 3752 in
982 3713 1081 3776 quem
1096 3691 1271 3776 diligenter
1283 3685 1374 3787 sauppe
1384 3684 1487 3786 ⁰2¹&-

120 3775 265 3837 omnium
278 3774 487 3849 ballivorum,
500 3711 708 3840 collirctorum
722 3798 782 3840 seu
792 3777 941 3850 aliorum,
953 3776 1011 3861 qui
1020 3776 1125 3842 solent
1134 3778 1270 3864 collegio
1282 3755 1399 3847 iiiiudn
1425 3755 1474 3802 1³⁰5

120 3861 291 3923 annuatim
309 3861 362 3924 vel
385 3860 455 3924 ullo
469 3861 547 3923 anni
561 3871 707 3947 tempore
726 3861 854 3946 aliquid
878 3862 1014 3940 solvere,
1029 3863 1161 3927 nomina
1175 3886 1270 3949 sepa-

121 3946 220 4008 ratim
246 3945 411 4032 descripta
430 3947 505 4025 sint,
527 3955 561 4009 et
587 3948 621 4009 in
636 3969 735 4033 quem
755 3969 898 4012 summas
912 3968 972 4032 per
987 3948 1097 4035 ipsum
1112 3960 1270 4035 receptaS,

120 4052 180 4094 suo
203 4031 314 4095 ordine
335 4043 369 4096 et
399 4032 506 4111 titulo,
531 4055 604 4095 cum
628 4033 792 4097 mentione
822 4033 888 4098 diei
913 4043 947 4096 et
971 4034 1050 4097 anni
1075 4036 1205 4099 nomine
1231 4057 1273 4098 uc

123 4113 238 4200 [firmae
254 4118 304 4204 et]
316 4118 480 4195 solventis,
492 4118 546 4181 vel
560 4117 704 4203 ejusqui
719 4141 879 4183 summam
892 4118 981 4182 illam
996 4120 1121 4183 solvere
1137 4058 1273 4184 tendim-

122 4209 188 4280 tur,
198 4201 339 4266 referat:
360 4204 512 4281 alterum,
523 4205 557 4267 in
572 4227 638 4289 quo
655 4206 785 4290 generis
796 4211 956 4291 cujusque
971 4205 1161 4283 solutiones,
1172 4207 1271 4270 etiam

121 4286 363 4367 minutissimas,
379 4291 414 4352 in
428 4289 568 4352 diversis
584 4290 691 4354 titulis
707 4301 741 4354 et
758 4291 931 4377 disjunctis
951 4289 1040 4370 locis,
1055 4313 1114 4354 suo
1130 4291 1273 4377 quodam

107 4368 247 4447 ordine,
271 4396 331 4458 pro
360 4381 516 4460 qu'usque
548 4376 626 4438 anni
661 4377 809 4457 termino,
840 4376 1081 4462 quamprimum
1112 4378 1276 4441 commode

121 4457 256 4540 poterit,
264 4459 313 4522 vel
326 4460 434 4544 potius
445 4471 521 4526 ante
533 4461 725 4526 solutionem
735 4463 865 4540 factam,
874 4462 1069 4528 conscribat.
1087 4463 1182 4528 Prior
1190 4464 1276 4528 liber

659 4549 740 4632 (13.)
1084 4570 1109 4614 n
