3022 4874
456 243 592 309 Stotntcs
606 245 644 327 of
653 243 744 305 Jcsns
764 241 890 326 Callope,
912 241 1039 328 Onford.
1282 228 1324 314 57

217 455 366 518 la-De
380 455 539 538 scriptura
556 455 696 535 portione
715 463 843 536 tempore
856 457 987 538 pronati
1004 455 1136 539 dependo,
1150 466 1178 518 ct
1193 437 1279 521 moro

332 541 333 544 ’
347 542 380 602 in
393 542 468 602 aula
483 539 708 622 nonfacienda,
725 550 753 602 et
767 542 883 603 silantia
897 542 992 604 debito
1007 543 1162 604 servando.

216 664 300 726 Item
331 662 517 739 statuimus
548 660 734 725 ordinamus
758 670 790 724 et
812 661 970 741 volumus,
999 662 1090 749 quod
1114 663 1157 727 sit
1180 664 1214 726 in
1237 663 1322 754 dicto
1336 681 1505 732 Biblereadrn

114 824 115 827 Ἴ
172 748 310 834 collegio
326 770 418 827 unus,
436 749 493 830 qui
508 746 668 833 quotidie,
680 746 760 810 hora
772 745 912 835 prandii,
923 759 1051 846 partem
1062 748 1207 831 aliquam
1223 772 1322 814 sacrae
1334 745 1361 787 st
1371 743 1466 789 dinner.

172 835 345 919 scripturae
368 833 496 898 Veteris
521 841 581 896 aut
611 833 703 895 Novi
728 832 934 897 Testamenti
962 834 997 895 in
1024 835 1103 898 aula
1130 835 1262 919 publice
1288 846 1322 900 et

172 920 240 984 alta
254 941 330 983 voce
349 918 447 1004 legat,
466 923 577 1002 ‘utque
592 917 699 983 eidem
719 919 856 982 lecturae
871 941 980 982 omnes
995 920 1081 983 Socii
1095 931 1129 983 et
1147 943 1211 984 nou
1228 922 1322 1002 Socii,

171 1007 235 1068 sub
250 1004 379 1068 silentio
395 1005 578 1092 epulantes,
588 1005 763 1090 diligenter
778 1014 812 1068 et
822 1015 1008 1068 reverenter
1017 1005 1191 1071 intendant
1200 1030 1209 1084 3
1226 1007 1322 1071 audi·

171 1091 357 1174 entiamque
372 1090 564 1178 hujusmodi
578 1091 711 1154 lecturae
725 1112 786 1176 per
798 1091 1021 1166 verbositates,
1036 1091 1322 1173 confabulationes,

171 1177 450 1255 murmurationes,
466 1177 629 1255 clamores,
640 1177 734 1251 risus,
744 1176 869 1240 aliosve
884 1177 1056 1255 tumultus
1065 1199 1129 1240 nou
1143 1177 1324 1263 impediant

126 1307 127 1310 ,
171 1262 394 1345 quovismodo.
438 1262 612 1342 Volumus,
628 1263 738 1340 etiam,
754 1263 843 1346 quod
857 1262 967 1325 nullus
984 1263 1147 1327 Sociorum
1163 1264 1214 1327 vel
1233 1264 1323 1328 scho-

170 1348 291 1411 larium
308 1348 388 1412 dicti
400 1349 528 1433 collegii
543 1348 596 1412 vel
612 1347 880 1412 commorantium
897 1347 946 1432 [in
961 1350 1092 1436 eodem]
1110 1372 1257 1413 amensa
1272 1373 1323 1414 re·

171 1434 275 1505 cedat,
289 1434 352 1496 nisi
366 1435 457 1520 prius
477 1433 617 1520 peractis
631 1433 771 1519 publicis
786 1434 968 1518 gratiarum
984 1435 1165 1499 actionibus
1183 1435 1323 1518 aliisque

171 1519 235 1583 dici
252 1521 421 1598 consuetiS,
438 1520 560 1602 absque
571 1519 702 1582 licentia
710 1518 904 1603 Principalis
915 1519 967 1582 vel
976 1520 1257 1606 Viceprincipalis‚
1270 1523 1323 1586 vel

171 1606 304 1668 senioris
323 1605 358 1668 in
372 1605 448 1668 aula
468 1604 618 1683 sedentis,
634 1604 739 1689 petita
755 1615 789 1668 et
803 1607 945 1669 obtenta.
991 1606 1136 1669 Peractis
1155 1628 1230 1670 vero
1244 1607 1322 1685 illis,
1334 1613 1480 1676 Refnaininn
1492 1616 1511 1656 ἰ

171 1691 392 1773 unusquisque
416 1691 610 1754 scholarium
635 1690 677 1752 ab
698 1690 786 1769 aula,
803 1713 867 1754 non
886 1691 1018 1775 longam
1038 1691 1161 1755 ibidem
1176 1673 1457 1778 r‘aciendo¹,},'²,¹,',ssfter

171 1798 305 1856 moram,
315 1777 469 1854 discedat,
479 1800 536 1840 nec
546 1776 581 1838 in
592 1776 701 1859 aliquo
714 1776 778 1839 alio
789 1776 858 1839 loco
872 1776 957 1839 inira
970 1777 1181 1862 praecinctum
1192 1778 1272 1842 colle
1297 1779 1322 1843 ii

171 1861 228 1923 diu
245 1862 447 1933 deambulet,
473 1863 536 1926 uisi
551 1871 778 1925 extraneorum
800 1863 983 1947 praesentia,
1001 1873 1059 1927 aut
1074 1862 1141 1926 alia
1154 1802 1322 1928 rationaiis

170 1969 277 2021 causa,
303 1971 362 2034 per
388 1947 606 2032 Principalem
627 1948 680 2011 vel
707 1947 1001 2033 Viceprincipalem
1024 1948 1094 2011 sive
1116 1955 1188 2035 ejus
1213 1950 1320 2013 locum

171 2043 337 2098 tenentem
368 2032 591 2120 approbanda,
621 2033 720 2097 aliter
747 2043 910 2119 exposcat.
969 2035 1005 2097 Si
1034 2035 1106 2117 quis
1135 2037 1320 2119 praemissis,
1333 2047 1464 2098 Penatis.

170 2120 240 2182 sive
255 2120 351 2183 alicui
367 2142 487 2197 eorum,
500 2119 723 2184 contravenire
738 2121 994 2206 praesumpserit,
1015 2140 1075 2202 pro
1089 2119 1234 2202 qualibet
1251 2121 1321 2185 vice

171 2204 343 2269 duodecim
367 2206 507 2269 denariis
530 2205 757 2283 mulctabitur,
781 2205 844 2282 vel,
861 2205 889 2266 si
913 2227 976 2268 non
1001 2205 1045 2267 sit
1068 2203 1210 2282 adultuS,
1229 2207 1323 2292 virga

170 2291 373 2377 corrigetur3
396 2302 430 2355 et
453 2291 482 2353 si
496 2291 616 2376 saepius
640 2293 675 2352 in
697 2289 757 2353 illa
781 2290 955 2374 culpabilis
969 2289 1078 2368 fuerit,
1104 2312 1204 2375 poena
1223 2292 1324 2376 juxta

171 2375 396 2441 discretionem
412 2376 605 2461 Principalis
622 2374 686 2453 vel,
703 2397 740 2438 eo
766 2375 910 2453 absente,
930 2375 1206 2462 Viceprincipalis‚
1226 2399 1323 2464 auge·

170 2462 271 2525 bitur.
317 2462 511 2540 Statuimus,
536 2462 644 2538 etiam,
674 2459 762 2543 quod
786 2460 925 2544 quilibet
954 2461 1067 2524 Socius
1098 2473 1132 2526 et
1161 2460 1323 2542 scholaris,

171 2553 391 2632 cujuscunque
407 2546 608 2625 conditionis,
625 2546 695 2609 sive
710 2545 890 2632 graduatus
905 2547 947 2610 sit
962 2547 1030 2610 sive
1048 2570 1112 2611 non
1127 2549 1321 2633 graduatus,

174 2643 209 2695 et
229 2633 369 2714 quilibet
393 2633 536 2696 servieus
558 2632 593 2694 in
617 2631 695 2695 aula
718 2631 771 2695 vel
793 2632 828 2695 in
849 2632 997 2715 coquina,
1012 2633 1091 2696 hora
1133 2634 1241 2697 randii
1264 2647 1325 2699 aut

171 2740 284 2796 coenae,
300 2718 334 2781 in
350 2718 424 2782 aliis
438 2739 534 2800 quam
559 2718 593 2780 in
609 2716 785 2803 praemissis
801 2715 1004 2800 delinquere,
1020 2741 1079 2803 per
1094 2657 1322 2783 discretionem

172 2804 368 2890 Principalis
381 2813 439 2868 aut
450 2803 729 2890 Viceprincipalis‚
742 2814 788 2878 et,
799 2803 866 2866 illis
880 2803 1080 2874 absentibus,
1093 2803 1176 2867 Socii
1191 2805 1324 2870 senioris

171 2890 205 2953 in
234 2890 312 2954 aula
342 2900 415 2954 tum
445 2889 599 2969 sedentis,
629 2889 852 2968 mulctabitur,
881 2888 978 2952 modo
1007 2888 1113 2953 dictus
1143 2890 1251 2952 senior
1279 2891 1323 2957 sit

172 2977 344 3061 Magister,
370 2977 609 3050 baccalaureus,
643 2976 711 3039 sive
745 2975 838 3038 verbi
874 2974 1041 3039 minister:
1070 2997 1090 3037 a
1120 2997 1184 3056 quo
1213 2985 1322 3040 tamen

169 3061 293 3125 seniore
311 3062 477 3136 mulctato,
501 3063 622 3130 licebit,
638 3063 667 3125 si
691 3062 788 3125 nimis
853 3071 986 3125 avatum
1012 3083 1047 3125 se
1073 3059 1247 3136 existimet,
1277 3061 1320 3125 ad

170 3146 398 3232 Principalem,
414 3148 468 3212 vel
490 3149 525 3210 in
549 3154 619 3234 ejus
644 3147 790 3212 absentia
807 3083 887 3212 lice
910 3147 1111 3245 rincipalem,
1126 3168 1321 3231 provocare3

170 3233 236 3315 qui,
253 3255 288 3295 rc
296 3233 513 3306 considerata,
535 3233 692 3297 mulctam
712 3256 772 3318 pro
792 3256 852 3296 sua
876 3171 1067 3296 ‹incretronc
1087 3230 1320 3298 moderabitur.

171 3318 348 3396 Praeterea,
377 3319 527 3382 volumus
562 3319 649 3400 quod
686 3318 825 3400 quilibet
862 3318 1065 3381 baccalaurei
1094 3327 1129 3382 et
1158 3317 1318 3383 scholares
1331 3342 1509 3389 conversano„

169 3402 250 3469 dicti
275 3403 416 3488 collegii,
443 3414 476 3467 et
501 3412 735 3468 commorantes
759 3403 793 3466 in
817 3404 943 3483 eodem,
961 3426 1137 3467 sermonem
1162 3404 1317 3469 Latinum
1329 3401 1505 3506 tangquam

169 3489 402 3577 intelligentes,
418 3489 511 3552 nullo
532 3489 596 3553 alio
616 3488 771 3554 idiomate
790 3489 966 3573 loquantur
981 3491 1013 3553 in
1029 3491 1115 3570 aula,
1130 3491 1317 3575 caeterisque
1329 3474 1358 3505 ⁰¹*
1377 3473 1407 3539 „⁰
1425 3474 1480 3506 rew.

167 3574 246 3641 locis
260 3576 400 3662 publicis
424 3576 510 3638 infra
524 3575 732 3661 praecinctum
748 3575 879 3676 collegii
894 3576 1052 3662 praedicti,
1069 3600 1167 3661 quam
1185 3577 1317 3657 Latin0,

172 3662 289 3727 Graeco
304 3673 363 3727 aut
379 3661 555 3740 Hebraico,
565 3659 630 3723 nisi
644 3661 678 3724 in
692 3671 867 3747 praseutra
879 3674 1105 3726 extraneorum
1118 3688 1126 3741 3
1142 3665 1204 3727 sub
1219 3686 1318 3749 poena

170 3749 269 3811 unius
299 3747 425 3811 denarii
449 3747 701 3830 quotiescunque
733 3757 807 3833 post
832 3748 973 3833 primam
999 3749 1209 3814 monitionem
1234 3748 1319 3813 deli-

170 3833 302 3915 querint
338 3832 516 3918 infligendi,
547 3832 685 3895 duorum
715 3832 923 3897 denariorum
954 3835 1211 3919 quotiescunque
1246 3846 1317 3919 post

169 3918 343 3982 secundam
359 3919 572 3982 monitionem
592 3918 770 4004 culpabiles
784 3919 1003 3983 inveniuntur.
1047 3919 1207 4003 Denique,
1227 3920 1316 3984 volu·
1330 3951 1469 3997 Unooverin
1496 3951 1502 3963 ·

169 4026 244 4067 mus
271 4016 305 4070 et
328 4004 518 4069 ordinamus
547 4014 586 4068 ut
608 4026 718 4067 omnes
741 4003 898 4068 scholares
924 4026 987 4067 uon
1011 4005 1167 4091 graduati
1192 4016 1227 4070 et
1249 4028 1316 4070 ser·
1346 3965 1485 4079 rqsemeoi

170 4091 305 4169 vientes,
321 4091 463 4175 exceptis
480 4090 589 4169 Sociis,
604 4090 690 4153 inira
708 4090 917 4176 praecinctum
932 4090 1071 4175 collegii,
1094 4092 1128 4154 in
1143 4091 1317 4176 praesentia
1330 4068 1511 4186 γῖζὲοᾜζιξῑμ

170 4174 374 4261 Principalis
396 4175 674 4262 Viceprincipalis‚
692 4176 928 4262 Magistrorum
943 4176 997 4239 vel
1012 4176 1071 4240 Ma
1097 4177 1177 4255 stri,
1192 4177 1317 4242 nudato
1329 4183 1382 4228 oro
1395 4189 1480 4232 aaa.

170 4261 277 4409 capite
305 4260 474 4339 incedant;
508 4264 571 4327 sub
600 4285 703 4348 poena
732 4262 926 4348 Principalis
963 4264 1017 4326 vel
1078 4263 1318 4349 iceprincipalis

171 4365 207 4407 ar
233 4346 308 4411 itrio
322 4347 511 4432 infligenda.
1118 4368 1121 4374 ·
