3022 4874
229 267 269 329 10
607 266 700 328 Jecac
718 264 843 347 Colleyc,
861 261 989 346 Oqford.

225 436 377 501 ordinato
398 459 456 500 seu
479 435 617 522 proviso,
640 442 701 498 aut
730 433 840 516 aliqua
866 431 932 496 alia
961 454 1006 510 re,
1033 453 1131 496 causa
1152 433 1207 497 vel
1237 436 1376 500 materia

226 545 426 606 quacunque,
436 523 470 585 in
487 521 597 604 aliquo
608 543 672 584 non
684 521 843 584 obstante.
885 518 995 582 Ethoc
1012 520 1133 602 absque
1145 518 1256 601 aliqua
1267 520 1377 604 inqui-

224 609 343 673 sitione
363 610 432 672 sive
460 608 624 691 aliquibus
650 606 914 691 inquisitionibus
935 604 1024 683 inde,
1047 615 1211 690 praetextu
1239 606 1376 692 alicujus

226 695 335 758 brevis
357 695 426 758 sire
449 692 596 758 mandati
618 693 730 770 nostri,
756 703 814 757 aut
837 691 1019 774 aliquorum
1042 692 1193 755 brevium
1211 714 1270 755 seu
1285 716 1376 757 man·

225 780 378 846 datorum
400 791 594 851 nostrorum,
609 790 668 843 aut
692 777 859 842 haeredum
880 778 930 841 vel
951 799 1167 842 successorum
1180 788 1375 858 nostrorum,

225 865 267 930 de
290 873 310 904 ‘⁶
322 867 379 930 Ad
400 866 485 950 quod
500 865 686 943 damnum,”
711 887 769 928 seu
784 864 919 948 alicujus
945 864 1080 928 alterius
1095 865 1212 942 brevis,
1227 865 1377 930 mandati

224 974 285 1015 seu
309 954 466 1039 praeccpti
481 953 592 1023 nostri,
609 961 668 1014 aut
691 949 858 1014 haercdum
874 951 927 1013 vel
949 972 1165 1014 successorum
1180 961 1375 1025 nostrorum,

225 1038 260 1100 in
273 1038 334 1102 hac
348 1051 440 1124 parte
454 1039 579 1115 fiendis,
595 1036 825 1123 prosequendis
839 1059 897 1100 seu
912 1036 1081 1110 habendis,
1094 1048 1152 1101 aut
1166 1038 1201 1101 in
1216 1039 1374 1102 cancella-

224 1124 306 1188 riam
329 1134 482 1200 nostram,
507 1125 676 1189 haeredum
696 1124 749 1186 vel
772 1145 987 1186 successorum
1005 1133 1194 1194 nostrorum,
1210 1146 1270 1187 seu
1294 1125 1375 1187 alibi

225 1210 449 1288 retornandis3
468 1220 503 1276 et
518 1212 639 1293 absquo
656 1209 820 1292 aliquibus
834 1209 906 1272 aliis
920 1209 1027 1272 literis
1041 1212 1159 1274 nostris
1173 1211 1373 1294 patentibus,

223 1318 281 1360 seu
297 1298 463 1361 narrantis
477 1297 605 1375 nostris,
620 1306 679 1360 aut
701 1295 865 1359 haeredum
881 1295 935 1359 vel
951 1318 1165 1359 successorum
1179 1306 1373 1375 nostrorum,

224 1381 275 1461 de,
291 1382 325 1445 in
339 1384 408 1446 sive
423 1406 495 1469 pro,
509 1383 682 1468 praemissis
697 1382 750 1445 vel
763 1381 873 1463 aliquo
896 1383 1144 1467 praemissorum,
1164 1382 1375 1465 quovismodo

225 1468 450 1554 impetrandis,
473 1468 629 1533 habendis
651 1491 707 1531 seu
729 1468 862 1531 fiendis:
889 1467 1054 1551 aliquibus
1074 1469 1220 1546 statutis,
1236 1470 1374 1533 actubus

221 1576 283 1618 seu
306 1555 574 1627 ordinationibus
591 1554 668 1618 iude
691 1553 922 1618 incontrarium
946 1554 1082 1619 antehac
1110 1553 1244 1631 habitis,
1269 1555 1372 1633 factis,

222 1641 331 1720 editis,
368 1642 525 1706 ordinatis
560 1664 618 1706 seu
655 1641 803 1726 provisis,
840 1641 875 1703 in
913 1641 1023 1723 aliquo
1060 1664 1125 1705 non
1157 1641 1373 1707 obstantibus.

224 1726 383 1792 Nolentes
397 1727 485 1810 quod
507 1727 656 1812 praedicti
674 1726 873 1811 Principalis,
892 1726 977 1791 Socii
993 1737 1027 1791 et
1046 1728 1212 1806 scholares,
1230 1727 1284 1791 vel
1301 1750 1373 1791 suc-

221 1834 360 1877 cessores
374 1815 435 1892 sui,
448 1823 507 1876 aut
522 1813 677 1898 praefatus
688 1812 792 1898 Hugo
804 1812 925 1897 Aprica
937 1813 989 1877 vel
1005 1813 1151 1878 haeredes
1165 1815 1227 1892 sui,
1242 1824 1302 1878 aut
1317 1814 1374 1877 ali-

219 1921 288 1982 qua
297 1897 563 1984 aliapersonavcl
572 1921 721 1985 personae
729 1899 1114 1983 praenominatae,ratione
1124 1899 1372 1985 praemissorum,

221 1986 289 2049 sive
304 2007 416 2049 eorum
434 1986 580 2071 alicujus,
604 2007 666 2070 per
688 2007 756 2063 noS,
776 1984 922 2048 haeredes
946 1986 1001 2048 vel
1022 2008 1213 2050 successores
1236 1998 1370 2062 nostros,

222 2083 281 2136 aut
302 2094 362 2157 per
380 2071 587 2155 justitiarios,
611 2081 796 2149 escaetores,
813 2072 1024 2152 vicecomites,
1040 2073 1187 2151 ballivos,
1210 2082 1270 2135 aut
1292 2072 1372 2136 alios

222 2158 392 2222 officiarios
416 2181 475 2222 scu
499 2158 661 2222 ministros
691 2168 827 2236 nostros,
855 2168 914 2222 aut
940 2158 1103 2222 dictorum
1131 2157 1297 2223 haeredum
1319 2160 1372 2222 vcl

220 2266 434 2308 successorum
449 2254 641 2323 nostrorum,
657 2266 872 2326 quoscunque,
896 2245 972 2310 iude
989 2245 1240 2319 occasionentur,
1256 2245 1371 2310 moles-

222 2340 344 2408 tentur,
372 2330 585 2417 impetantur,
612 2340 773 2395 vexentur
802 2330 836 2393 in
865 2331 974 2414 aliquo
1004 2353 1060 2395 seu
1090 2340 1280 2416 graventur,
1312 2353 1372 2396 nec

222 2435 336 2480 eorum
361 2416 479 2500 aliquis
501 2418 731 2494 occasionetur,
756 2416 956 2495 molestetur,
972 2431 1112 2482 vexetur
1129 2417 1165 2479 in
1187 2417 1297 2499 aliquo
1311 2440 1371 2481 seu

220 2513 386 2588 gravetur.
442 2503 491 2567 Et
514 2503 652 2567 ulterius
674 2503 832 2580 volumus,
849 2525 886 2566 ac
914 2524 973 2588 pro
998 2504 1100 2581 nobis,
1124 2502 1311 2566 haeredibus
1337 2515 1370 2568 et

219 2589 452 2653 successoribus
480 2589 606 2669 nostris,
637 2611 695 2674 per
717 2598 895 2673 praesentes
915 2589 1128 2667 concedimus,
1151 2589 1239 2672 quod
1264 2589 1370 2654 dictus
1468 2603 1473 2612 '

223 2675 283 2738 Hu
306 2698 326 2739 o
357 2675 485 2760 Aprica,
516 2685 551 2738 ct
587 2674 795 2761 praedilectus
830 2683 865 2738 et
894 2675 1000 2740 fidelis
1028 2675 1226 2739 consiliarius
1261 2687 1371 2740 noster

220 2697 400 2825 Nicholaus
423 2762 533 2825 Bacon
556 2762 658 2840 miles,
687 2760 805 2826 Custos
830 2761 945 2847 Magni
969 2762 1078 2847 Sigilli
1099 2763 1200 2824 nostri
1225 2762 1368 2848 Angliae,

218 2869 256 2910 ac
279 2846 486 2932 praedilectus
509 2859 542 2912 et
566 2847 670 2911 fidelis
694 2845 894 2910 consiliarius
917 2858 1026 2911 noster·
1049 2846 1247 2910 Willielmus
1267 2849 1370 2910 Cecill

219 2932 312 2996 miles
334 2935 424 2997 Baro
445 2933 487 2997 de
509 2933 689 3021 Burghlcy,
705 2943 739 2997 et
756 2932 978 2996 Cancellarius
999 2954 1059 2996 scu
1074 2932 1368 2996 vicecancellarius

218 3031 329 3084 noster
352 3019 590 3085 Universitatis
612 3031 734 3082 nostrae
757 3018 948 3081 Oxoniensis
973 3040 1032 3103 pro
1058 3027 1202 3101 tempore
1219 3018 1366 3098 existens,

217 3116 251 3169 et
270 3106 442 3171 Gilbertus
460 3105 605 3169 Gerrard
627 3105 787 3190 generalis
802 3114 984 3167 attornatus
1001 3113 1119 3181 noster,
1137 3126 1173 3167 ac
1194 3104 1368 3188 praedictus

218 3190 329 3255 David
352 3191 464 3255 Lenes
486 3191 598 3277 legum
613 3192 744 3269 Doctor,
771 3190 912 3253 Thomas
938 3189 1080 3277 Huyclre
1107 3203 1142 3253 et
1166 3191 1368 3255 Willielmus

220 3277 362 3364 Awbery
375 3277 486 3363 legum
501 3278 669 3356 Doctores,
686 3276 829 3341 habeant
845 3286 879 3340 et
894 3275 1066 3341 habebunt
1080 3276 1210 3362 plenam
1224 3287 1367 3362 potesta·

216 3372 293 3441 tem,
317 3364 541 3428 auctoritatem
566 3374 602 3428 et
627 3364 829 3441 facultatem,
852 3363 1021 3442 condendi,
1038 3363 1263 3439 constituendi,
1280 3364 1367 3427 ordi-

216 3448 326 3526 nandi,
354 3449 516 3512 sanciendi
541 3459 574 3513 ct
596 3449 793 3524 stabiliendi,
816 3449 857 3512 de
881 3459 1025 3533 tempore
1045 3450 1081 3512 in
1098 3460 1235 3534 tempus,
1252 3447 1366 3536 hujus-

216 3533 303 3597 modi
325 3535 356 3599 le
381 3557 424 3613 es,
446 3535 607 3613 instituta,
628 3539 714 3618 jura,
739 3535 955 3599 ordinationes
972 3546 1007 3599 et
1021 3536 1276 3607 constitutiones,
1293 3559 1366 3618 quae

215 3619 338 3683 eisdem
359 3558 537 3699 llicholao,
561 3620 751 3700 Willielmo,
783 3620 933 3706 Hugoni,
963 3620 1129 3698 Gilberto,
1152 3621 1365 3700 Cancellario,

215 3704 500 3785 Vicecancellario,
531 3707 657 3783 David,
683 3706 827 3784 Thomae,
858 3717 892 3771 et
924 3706 1103 3772 Willielmo
1127 3708 1276 3794 Awbrey,
1298 3708 1366 3773 sive

215 3814 326 3857 eorum
350 3793 466 3878 maj0ri
488 3794 587 3879 parti,
610 3795 706 3871 bona,
730 3793 885 3863 salubria,
907 3792 1014 3871 utilia,
1038 3793 1176 3858 honesta
1199 3803 1234 3857 et
1256 3816 1365 3858 neces-

214 3879 310 3958 saria,
327 3884 427 3964 juxta
448 3901 561 3943 eorum
575 3901 668 3942 sanas
686 3879 904 3957 discretiones
921 3878 990 3942 fore
1005 3879 1186 3959 videbitur,
1224 3903 1259 3943 ro
1275 3881 1366 3944 bonis

214 3964 370 4051 regimine
387 3976 420 4029 et
435 3965 672 4053 gubernatione
684 3965 878 4051 Principalis
893 3973 927 4028 et
940 3965 1106 4030 Sociorum
1121 3975 1155 4030 et
1170 3903 1365 4029 scliclarium

213 4051 457 4136 praedictorum,
473 4075 509 4115 ac
523 4053 670 4116 omnium
685 4063 716 4114 et
732 4052 934 4136 singulorum
950 4051 1176 4114 officiariorum
1197 4060 1232 4114 et
1252 4050 1364 4113 minis-

213 4148 337 4202 trorum
353 4138 482 4224 collegii
496 4137 654 4222 praedicti,
665 4161 724 4224 pro
737 4149 882 4221 tempore
893 4136 1124 4209 existentium
1141 4157 1177 4198 ac
1188 4156 1248 4219 pro
1257 4133 1364 4197 decla-

213 4222 338 4288 ratione
373 4246 438 4309 quo
467 4224 563 4287 modo
593 4233 626 4288 et
655 4223 767 4287 ordina
798 4222 950 4306 praedicti
983 4221 1183 4305 Principalis,
1216 4219 1301 4283 Socii
1331 4231 1364 4285 ct

213 4309 382 4380 scholares,
400 4333 437 4375 ac
452 4311 562 4375 caeteri
577 4309 717 4373 ministri
735 4319 768 4372 et
787 4307 934 4372 officiarii
955 4305 1085 4391 collegii
1107 4305 1206 4379 illius,
1223 4306 1257 4368 in
1272 4305 1363 4370 iunc-

211 4395 363 4466 tionibus,
380 4395 567 4460 ministeriis
581 4406 614 4459 et
629 4396 770 4482 negotiis
784 4394 859 4472 suis,
874 4391 961 4455 infra
974 4391 1150 4476 collegium
1168 4391 1363 4477 praedictum

209 4503 247 4546 ac
261 4481 430 4546 libertates
446 4481 601 4568 ejusdem,
618 4502 679 4567 pro
696 4492 843 4566 tempore
865 4478 1035 4557 existente,
1052 4499 1120 4542 sese
1143 4477 1313 4543 habebunt
1328 4489 1363 4544 et
