3022 4874
453 229 589 293 Stotntes
604 231 643 312 of
651 230 742 291 Jesus
762 226 889 312 Colleqe,
910 227 1038 311 Oaford.
1279 228 1321 291 59

171 385 336 450 auditores
372 385 504 464 fuerint,
535 385 569 449 in
597 385 706 450 aulam
737 385 940 458 conveniant,
972 393 1073 470 atque
1112 385 1236 450 ibidem
1270 386 1322 450 bis

171 473 320 554 quolibet
334 471 398 550 die,
410 472 572 544 videlicet,
590 473 615 535 ii
629 472 733 556 quiin
749 472 912 558 superiori
923 471 1023 536 classe
1031 480 1108 536 sunt
1120 472 1162 535 ab
1171 471 1252 534 hora
1262 471 1322 535 de-

171 558 255 621 cima
270 558 312 622 ad
328 559 542 632 undecimam,
559 558 614 641 qui
627 568 736 623 autem
751 559 785 621 in
799 557 952 622 inferiore
968 557 1167 623 collocantur
1182 558 1224 620 ab
1241 556 1322 620 hora

171 654 289 725 quarta
329 645 553 730 pomeridiana
590 644 634 709 ad
668 643 781 708 horam
828 644 987 727 quintam,
1025 642 1236 728 sophismata,
1269 642 1320 705 vel

171 730 376 812 problemata
391 729 572 808 dialectica,
598 730 770 804 rhetorica,
793 729 928 816 physica
943 739 1003 794 aut
1017 728 1165 806 moralia,
1186 728 1272 792 inter
1287 749 1321 790 se

172 824 312 882 tractent
325 825 359 881 et
369 814 557 901 disputent:
576 815 623 880 ita
638 816 802 895 nimirum,
825 825 864 879 ut
886 838 981 893 unus,
996 813 1175 881 secundum
1189 813 1273 876 vices
1287 823 1323 876 et

171 900 321 964 ordinem
343 901 553 979 senioritatis,
578 923 598 967 a
623 901 799 986 majoribus
823 900 1018 986 incipiendo,
1044 898 1182 985 singulis
1206 897 1323 963 diebus

172 984 348 1070 praedictis,
358 986 584 1072 respondentis
597 1009 731 1051 munere
742 987 908 1073 fungatur,
924 1009 960 1051 ar
1006 995 1115 1051 menta
1129 1007 1206 1050 vero
1214 984 1323 1050 caeteri

171 1081 362 1156 proponant,
378 1095 417 1139 eo
432 1072 557 1148 ordine,
573 1073 640 1157 qui,
657 1072 700 1136 ad
713 1095 826 1138 eorum
850 1082 962 1137 tantan
989 1080 1087 1137 amet
1102 1071 1272 1135 scientiam
1287 1081 1321 1135 et

170 1156 389 1242 diligentiam,
399 1158 581 1244 praelectori
590 1169 650 1222 aut
662 1159 785 1223 censori
796 1159 825 1222 si
833 1158 975 1224 adfuerit
988 1157 1127 1223 maxime
1135 1155 1321 1219 commodus

171 1242 346 1306 videbitur.
394 1245 433 1309 ln
456 1243 507 1307 his
533 1244 715 1330 praelector,
740 1245 793 1308 vel
815 1246 884 1330 ejus
904 1243 1066 1309 sufficiens
1089 1242 1275 1326 deputatus,
1301 1259 1505 1317 aeuperusenu-

170 1350 303 1394 censore
312 1329 365 1393 vel
374 1329 629 1415 Vieeprmcipeli
643 1329 882 1415 approbandus,
897 1340 1071 1416 praesentes
1078 1327 1239 1392 scholares
1249 1349 1320 1391 eru·
1332 1319 1486 1422 ᾖξξῖθξζοξω

170 1413 248 1481 diat.
266 1414 418 1492 instruat,
435 1439 471 1479 ac
485 1417 630 1493 meliora,
645 1417 750 1479 sicubi
766 1417 800 1478 in
816 1413 1077 1500 argumentandi,
1090 1412 1319 1499 respondendi,

169 1499 222 1562 rel
236 1499 367 1564 dicendi
381 1501 506 1565 ratione
520 1501 735 1565 hallucinatos
749 1501 966 1584 deprenderit,
990 1498 1188 1647 suppeditet,
1204 1499 1260 1566 vel
1277 1500 1322 1562 ab

170 1585 245 1648 aliis
275 1585 483 1671 suppeditari
499 1586 603 1651 iaciat.
650 1585 740 1651 Huic
755 1586 852 1664 enim,
869 1586 1008 1671 ejusque
1044 1593 1192 1670 eputato,
1209 1585 1267 1663 sic,
1281 1594 1321 1648 ut

170 1671 376 1756 praemissum
399 1681 458 1749 est,
490 1672 680 1758 approbate,
705 1694 777 1737 eam
809 1671 985 1736 tribuimus
1017 1671 1256 1748 auctoritatem,
1282 1679 1321 1734 ut

170 1756 351 1839 quemlibet
374 1756 535 1822 dictorum
558 1756 751 1823 scholarium
775 1780 833 1821 suo
860 1756 998 1820 arbitrio
1028 1756 1145 1841 Jubeat
1168 1765 1203 1819 et
1225 1765 1321 1842 cogat

171 1851 366 1926 argumenta
379 1843 566 1922 dissolvere,
577 1852 611 1909 et
626 1865 701 1926 quae
717 1866 735 1903 a
750 1843 875 1910 casteria
891 1842 979 1907 dicta
995 1851 1071 1906 sunt
1086 1841 1233 1920 recitare,
1249 1864 1317 1906 nec·

169 1948 234 1991 non
260 1927 486 2012 respondentis
509 1940 542 1991 et
564 1929 704 1992 aliorum
726 1929 903 1995 solutiones
933 1927 1106 2012 explicare,
1130 1949 1167 1993 ac
1190 1927 1232 1991 de
1257 1927 1322 1991 sin·

170 2012 324 2096 gulorum
348 2012 488 2095 denique
517 2013 628 2077 indole
651 2023 684 2079 et
713 2013 908 2079 eruditionis
934 2013 1110 2099 specimine
1140 2012 1322 2099 periculum

170 2098 282 2163 faciat.
329 2099 422 2170 Quin
444 2111 479 2165 et
500 2099 599 2163 licere
624 2100 802 2165 statuimus
829 2101 955 2164 censori
979 2098 1144 2163 antedicto
1167 2097 1322 2184 praefatas

171 2182 412 2282 disputationes
448 2195 522 2248 ante
559 2183 673 2250 horam
709 2186 905 2270 completam
938 2182 1123 2266 aliquando,
1153 2205 1195 2246 ex
1224 2205 1322 2247 causa

170 2270 372 2344 rationabili,
390 2271 493 2349 finire,
509 2278 543 2334 et
558 2271 668 2349 etiam,
684 2271 783 2335 simili
793 2292 833 2334 ex
849 2291 955 2347 causa,
968 2268 1099 2332 easdem
1109 2268 1161 2333 vel
1172 2268 1272 2332 semel
1287 2268 1322 2331 in

170 2353 376 2422 hebdomada
405 2356 455 2419 vel
480 2355 590 2441 (modo
625 2356 662 2418 id
706 2377 779 2418 raro
810 2355 884 2440 fiat)
909 2355 959 2418 bis
995 2355 1125 2419 omnino
1138 2354 1319 2421 remittere.

171 2440 340 2518 Similiter,
365 2442 541 2506 statuimus
567 2451 600 2506 et
624 2440 771 2504 volumus
795 2450 834 2504 ut
863 2463 972 2505 omnes
995 2450 1029 2504 et
1051 2440 1176 2526 singuli
1199 2440 1319 2505 artium
1332 2468 1378 2514 nr,
1396 2471 1505 2516 urationi

170 2526 383 2604 baccalaurei,
404 2526 474 2589 sive
494 2527 559 2589 sint
583 2526 624 2589 de
639 2526 780 2612 collegio
794 2527 862 2590 sive
877 2549 918 2590 ex
933 2527 1204 2595 commorantibus
1217 2526 1251 2591 in
1270 2548 1318 2605 eo,
1331 2527 1359 2572 ⁰f
1389 2529 1498 2604 schalom

169 2610 308 2695 singulis
326 2610 539 2675 hebdomadis
556 2613 717 2710 (exceptis
731 2612 933 2677 vacationum
948 2613 1167 2698 temporibus)
1185 2612 1220 2675 in
1244 2611 1320 2677 aula
1331 2586 1484 2707 ssiiffiffy

171 2695 251 2761 dieti
267 2697 401 2782 collegii
415 2697 618 2771 conveniant,
629 2697 782 2762 videlicet
792 2719 923 2784 quoque
934 2697 988 2764 die
998 2697 1156 2761 Mercurii
1166 2697 1318 2780 profesto,

169 2804 246 2845 mox
270 2804 290 2846 a
312 2805 422 2858 coena;
446 2783 557 2866 ibique
572 2783 653 2847 duas
678 2783 827 2868 integras
840 2783 945 2858 horas,
964 2781 1089 2868 judicio
1105 2783 1243 2847 censoris
1257 2784 1318 2861 sui,

169 2867 296 2932 delecta
320 2868 386 2932 duo
407 2867 562 2948 themata,
578 2869 630 2934 vel
646 2893 663 2933 e
678 2868 840 2934 naturalis
856 2869 911 2934 vel
925 2891 943 2931 e
957 2867 1088 2934 moralis
1132 2866 1232 2930 hiioso
1256 2867 1320 2933 hiae

169 2954 407 3038 penetralibus,
418 2955 503 3019 inter
518 2977 552 3019 se
567 2956 700 3041 publice
715 2967 749 3021 et
763 2978 824 3040 per
838 2955 923 3019 vices
938 2961 1051 3021 vocent
1066 2963 1100 3017 et
1110 2890 1175 3038 lde
1188 2890 1320 3051 fisldi*

168 3049 298 3123 putent,
315 3039 478 3113 videlicet,
494 3064 559 3106 uno
573 3042 801 3128 respondente,
820 3050 853 3105 et
866 3061 932 3105 uno
945 3063 986 3105 ex
1001 3038 1114 3104 ordine
1133 3047 1320 3124 certansque

170 3122 213 3186 ad
238 3125 409 3190 arbitrium
433 3136 467 3191 et
490 3128 741 3213 assignationem
761 3128 903 3191 censoris
927 3125 1187 3212 opponentibus:
1211 3146 1321 3188 omnes

170 3209 257 3272 enim
290 3211 444 3295 praefatos
480 3213 705 3277 baccalaureos
742 3213 785 3279 ad
822 3211 1059 3297 disputandum
1088 3220 1220 3296 paratos
1251 3233 1320 3274 esse
1499 3273 1502 3276 ,

170 3296 326 3359 volumus.
373 3297 569 3376 statuentes,
592 3299 734 3383 insuper,
753 3309 792 3362 ut
814 3320 855 3361 ne
877 3298 949 3381 quis
973 3296 1158 3396 Magisterii
1182 3296 1319 3382 gradum
1332 3320 1502 3379 Dispuatrons

169 3382 255 3444 susci
299 3404 334 3445 re
358 3383 575 3467 permittatur
601 3383 670 3468 [vel
693 3383 734 3446 ed
760 3405 834 3446 eum
858 3382 1073 3468 praesentem}
1097 3382 1160 3447 nisi
1183 3383 1240 3465 qui
1269 3404 1319 3445 re·
1331 3393 1459 3483 ξῗέθῦᾞ
1470 3385 1510 3430 for

169 3403 357 3550 spondiintis
381 3478 417 3530 et
438 3470 630 3554 opponentis
652 3480 762 3555 partes
787 3470 820 3535 in
836 3479 978 3552 utraque
1005 3467 1209 3555 philosophia
1223 3469 1320 3533 toties
1332 3443 1506 3558 ζμζῃὲθὲἕζε

170 3575 231 3638 per
252 3575 285 3617 se
304 3554 478 3636 quotannis
501 3555 631 3630 obierit,
660 3556 788 3640 quoties
811 3555 913 3640 ipsius
936 3555 1026 3619 locus
1050 3565 1086 3625 et
1109 3554 1189 3619 ordo
1214 3577 1320 3638 quaes·

170 3639 307 3717 tionum,
325 3662 421 3723 quem
438 3639 473 3702 in
489 3640 568 3724 ipsis
583 3640 773 3726 delegendis
795 3662 905 3706 censor
920 3640 1117 3726 praescribet,
1133 3641 1320 3726 postulave-

171 3724 247 3791 rint.
287 3724 384 3800 Quod
400 3735 511 3789 tamen
527 3727 574 3791 ita
587 3727 726 3811 intelligi
743 3727 902 3804 volumuS,
914 3737 962 3805 ut,
979 3748 1018 3789 ex
1031 3748 1187 3790 consensu
1203 3727 1322 3791 Princi-

170 3810 256 3894 palis
279 3821 349 3889 aut,
366 3833 405 3874 eo
420 3810 563 3886 absente,
580 3811 859 3898 Viceprincipalis,
874 3812 934 3875 ubi
949 3812 1059 3894 aliqua
1072 3814 1245 3876 necessitas
1258 3812 1320 3874 im-

170 3894 314 3979 pedierit
337 3919 377 3962 ne
395 3897 481 3962 vices
500 3919 576 3961 suas
592 3898 752 3972 observet,
769 3920 823 3961 eas
841 3921 913 3964 oum
928 3897 991 3960 alio
1005 3909 1192 3983 permutare
1207 3898 1319 3983 possit.

173 3979 264 4045 Ordo
280 3991 390 4046 autem
405 3983 439 4046 in
454 3983 682 4069 respondendo
697 3992 730 4047 et
745 3983 938 4070 opponendo
952 3983 979 4046 is
997 3984 1202 4061 observetur,
1222 4006 1320 4067 quem

169 4066 256 4132 inter
285 4066 449 4153 theologos
471 4069 709 4134 observandum
734 4069 977 4155 assignabimus,
1003 4078 1137 4166 excepto
1162 4069 1250 4152 qnod
1278 4069 1320 4133 de

170 4150 302 4216 duobus
311 4153 382 4218 aliis
391 4163 511 4239 praeter
519 4166 737 4240 opponentem
747 4155 889 4254 priorem
900 4152 1128 4240 [oppositurrs]
1139 4165 1317 4219 statuetur.

170 4237 343 4317 Volumus,
356 4262 492 4322 quoque,
505 4251 553 4320 ut,
564 4241 713 4325 quolibet
724 4240 777 4304 dre
787 4241 883 4305 Jovis
891 4241 926 4303 in
937 4239 1084 4317 termino,
1095 4262 1154 4324 per
1164 4241 1259 4318 vices,
1268 4242 1319 4303 in·
1332 4259 1510 4311 Declomsuon

170 4321 318 4406 cipiendo
334 4326 497 4404 aseniore,
514 4350 601 4391 unus
610 4350 650 4390 ex
664 4327 879 4390 baccalaureis
894 4324 1081 4389 immediate
1096 4336 1170 4411 post
1181 4348 1317 4404 coenam,

171 4406 328 4511 quolibet
343 4432 421 4475 vero
442 4411 497 4475 die
514 4413 654 4478 Sabbati
676 4435 762 4476 unus
787 4435 828 4477 ex
851 4411 1060 4500 scholaribus,
1077 4411 1176 4491 {initis
1199 4433 1318 4476 correc-
