3022 4874
461 243 598 310 Statutcs
612 249 652 327 (ff
659 245 752 308 lesus
770 244 896 328 Collepe,
917 243 1044 328 chord.
1288 243 1329 306 53
1353 296 1356 301 .

175 405 300 491 alioqui
312 405 360 468 ita
368 404 528 490 puniendi
543 426 603 490 pro
617 403 775 483 absentia,
787 403 892 468 aesia
907 403 1027 468 divinis
1042 404 1194 490 precibus
1206 404 1327 468 abfuis-

174 500 249 555 sent
262 516 270 568 3
293 514 351 576 pro
366 491 534 565 tarditate,
549 512 585 553 ac
605 490 633 553 si
650 490 777 553 tardius
801 489 962 554 addictas
977 513 1087 575 preces
1102 491 1325 568 accessissent3

174 577 239 640 nisi
275 600 380 640 causae
413 576 489 639 talis
521 577 677 640 absentiae
706 586 765 639 aut
795 576 962 641 tarditatis
991 575 1114 639 censori
1142 586 1201 640 aut
1230 575 1326 640 Vice-

174 663 349 748 principali
371 663 439 725 sive
464 662 640 748 Principali
663 661 785 726 fuerint
810 662 1010 748 approbatae.
1067 661 1177 725 Simili
1196 671 1491 745 quoqueattpndance

174 749 238 811 sub
256 770 368 832 poena,
383 748 533 811 volumus
547 770 661 811 omnes
677 747 866 834 graduatos,
885 754 1106 832 cujuscunque
1121 747 1324 828 conditionis,
1336 732 1442 838 ffl‘y
1452 733 1498 781 ¹³⁰*

173 833 207 896 in
224 834 359 920 collegio
375 833 542 919 degentes,
559 834 758 918 praelectioni
772 833 945 920 theologiae
959 833 1108 919 publicae,
1128 835 1326 898 auctoritate

173 921 265 1005 regia
280 921 313 982 in
340 919 564 984 Universitate
579 920 747 992 stabilitae,
763 919 904 1006 singulis
920 919 1038 983 diebus
1052 919 1216 983 interesse.

217 1066 366 1130 la-De
379 1068 488 1151 officiis
503 1067 617 1130 divinis
625 1090 684 1151 per
700 1065 804 1132 Socios
818 1078 846 1130 et
860 1088 919 1130 noc
935 1065 1039 1132 Socios
1052 1067 1243 1146 celebrandis,
1259 1078 1286 1130 et

550 1155 587 1216 de
601 1155 787 1218 orationibus
802 1153 944 1217 dicendis.

216 1259 311 1339 Quia'
325 1260 464 1326 Domino
487 1285 552 1326 non
576 1262 757 1327 aedificante
781 1262 922 1339 domum,
947 1251 1068 1326 frustra
1092 1261 1243 1327 laborant
1267 1262 1326 1348 qui

173 1346 332 1411 aedificant
346 1369 427 1426 eam,
448 1357 482 1412 et
506 1348 648 1412 Domino
676 1370 740 1411 non
769 1348 971 1411 custodiente
1000 1347 1177 1418 civitatem,
1202 1348 1325 1411 frustra

172 1432 289 1517 vigilat
304 1444 430 1508 custos3
452 1433 538 1508 ideo,
555 1444 594 1497 ut
617 1434 707 1498 Deus
728 1432 874 1518 optimus
896 1434 1056 1496 maximus
1078 1433 1204 1499 dictum
1227 1433 1325 1497 colle-

194 1518 263 1580 ium
290 1518 425 1582 aedificet
449 1530 483 1581 et
502 1519 695 1582 aedificatum
720 1517 887 1596 custodiat,
904 1527 937 1581 et
959 1517 1154 1583 scholarium
1177 1519 1323 1604 ejusdem

171 1540 340 1666 iaboribus
352 1612 385 1666 et
401 1601 519 1666 studiis
527 1602 710 1681 benedicat,
721 1602 906 1681 statuimus,
917 1602 1103 1668 ordinamus
1117 1614 1152 1668 et.
1163 1605 1321 1683 volumus,
1335 1619 1411 1679 Doily
1421 1633 1498 1679 praya

172 1699 221 1765 ut,
237 1687 385 1773 quolibet
400 1688 453 1751 die
476 1689 511 1750 in
526 1700 732 1775 perpetuum,
748 1711 860 1775 preces
872 1689 1012 1775 publicar
1034 1691 1068 1753 in
1092 1691 1216 1777 capella
1242 1678 1498 1794 dictifflhgffi}

173 1773 305 1858 collegii
329 1797 423 1837 mane
437 1774 522 1837 inter
541 1774 637 1838 horas
661 1775 811 1860 quintam
825 1785 859 1838 et
873 1785 999 1838 sextam
1024 1775 1229 1853 habeantur3
1274 1777 1322 1840 ui-

173 1858 234 1922 bus
250 1859 398 1923 volumus
422 1881 531 1923 omnes
546 1859 627 1925 dicti
651 1860 780 1947 collegii
798 1859 906 1924 Socios
924 1870 957 1925 et
981 1883 1045 1924 non
1062 1861 1169 1927 Socios
1183 1863 1217 1926 in
1236 1800 1322 1926 [ini-

172 1945 328 2009 vcrsitate
362 1955 546 2030 praesentes,
574 1968 641 2009 una
668 1969 741 2010 cum
770 1946 984 2011 servientibus
1016 1947 1096 2011 dicti
1128 1948 1258 2034 collegii
1288 1958 1323 2012 et

171 2033 445 2095 commorantibus
459 2033 493 2094 in
503 2053 541 2095 eo
555 2031 817 2117 quibuscunque,
829 2033 994 2111 interesse,
1011 2034 1156 2119 exceptis
1167 2033 1320 2098 Doctori-

171 2116 234 2180 bus
258 2127 293 2180 et
316 2116 485 2202 theologiae
514 2119 741 2188 baccalaureis,
766 2117 902 2203 (quibus
927 2128 1041 2182 tamen
1065 2118 1260 2182 consulimus
1284 2129 1323 2182 ut

171 2201 351 2288 intersint)
361 2213 396 2267 et
410 2204 458 2267 ibi
473 2227 492 2266 a
502 2204 660 2289 principio
672 2203 805 2290 [usque]
818 2202 859 2266 ad
872 2204 968 2266 finem
982 2225 1157 2266 remanere.
1185 2203 1283 2281 Quod
1294 2205 1322 2268 si
1333 2216 1486 2334 nPeeplqlcttyofpr

172 2288 243 2370 quis
263 2289 297 2350 in
320 2289 496 2374 praemissis
519 2288 705 2370 deliquerit,
718 2311 782 2434 pro
800 2288 918 2372 quavis
942 2288 1099 2352 tarditate
1119 2297 1177 2352 aut
1193 2312 1320 2353 recessu

171 2372 301 2437 duobus
331 2374 481 2451 denariis,
506 2385 540 2439 et
566 2396 630 2521 (lm)
652 2396 717 2456 qua

730 2373 799 2436 ibet
827 2374 977 2438 absentia
1003 2383 1145 2459 quatuor
1168 2374 1320 2455 denariis,

171 2459 405 2535 mulctabitur3
430 2459 481 2522 vel
495 2459 523 2521 si
545 2481 565 2521 a
590 2460 679 2524 ultus
698 2480 761 2521 non
776 2460 878 2523 fuerit
902 2460 996 2546 virga
1020 2463 1209 2546 corrigetur,
1223 2473 1321 2547 prout
1358 2531 1362 2540 ,

171 2543 423 2629 Viceprincipali
452 2544 555 2626 magis
590 2544 758 2609 videbitur
793 2547 1001 2622 conveniens;
1037 2547 1098 2610 nisi
1130 2570 1227 2611 causa
1261 2569 1321 2632 per

172 2628 389 2714 Principalem
413 2627 465 2691 vel
491 2628 784 2714 Viceprincipalem
809 2631 1022 2715 approbetur.
1067 2633 1194 2696 Diebus
1209 2642 1478 2702 autemrrarerson

174 2713 351 2776 Dominicis
366 2725 398 2778 et
413 2714 545 2793 festiviS,
557 2715 664 2778 Princi
690 2715 752 2779 alis
761 2725 795 2778 et
808 2717 989 2800 supradicti
1004 2717 1097 2796 Socii,
1110 2718 1270 2782 scholares
1285 2730 1320 2783 et
1331 2702 1498 2807 {efflfflffn‘l

170 2800 358 2878 servientes,
374 2800 548 2885 caeterique
567 2801 600 2864 in
619 2739 753 2888 mllbgio
770 2813 1013 2871 commorantes,
1029 2802 1097 2865 sive
1111 2804 1322 2868 communarii

171 2885 239 2948 sive
261 2886 491 2965 battellatores,
509 2887 595 2950 inter
619 2896 764 2951 octavam
790 2896 823 2950 et
847 2909 964 2950 nonam
989 2888 1261 2953 antemeridianas
1288 2899 1322 2952 et

170 2970 258 3034 inter
282 2983 434 3057 quartam
463 2983 496 3036 et
525 2972 674 3056 quintam
702 2971 952 3058 pomeridianas,
973 2974 1007 3036 in
1029 2973 1154 3072 capella
1173 2973 1319 3059 ejusdem

170 3056 310 3142 collegii,
320 3059 472 3142 precibus
487 3081 507 3122 a
516 3059 618 3144 princi
642 3060 674 3123 io
684 3081 786 3142 usque
801 3059 948 3123 adfinem
963 3060 1121 3137 intersmt,
1134 3060 1198 3123 sub
1212 3061 1322 3145 poenis

170 3143 324 3227 superius
358 3145 557 3229 praetaxatis,
582 3082 641 3209 vel
659 3145 849 3228 majoribus,
879 3146 908 3208 si
947 3144 1123 3229 Principali
1147 3155 1205 3210 aut
1226 3143 1319 3209 Vice-

170 3227 346 3312 principali
356 3224 511 3314 expedire
521 3230 694 3294 videbitur.
721 3232 894 3310 Volumus,
904 3241 1027 3304 autem,
1038 3240 1076 3295 ut
1086 3229 1182 3294 dictis
1193 3231 1321 3311 diebus,

170 3313 303 3391 ibidem,
323 3335 382 3400 per
404 3315 513 3379 Socios
527 3316 562 3378 in
578 3315 757 3379 ministerio
771 3317 963 3380 constitutos
977 3315 1091 3380 divina
1113 3316 1318 3382 celebrentur

169 3398 282 3477 officia,
302 3400 423 3484 quibus
437 3423 546 3464 omnes
567 3401 728 3486 praedicti,
743 3400 921 3465 secundnm
937 3402 1072 3465 formam
1082 3401 1273 3488 predictam
1287 3412 1322 3466 ct

170 3486 233 3547 sub
248 3486 441 3570 praetaxatis
463 3487 583 3571 poeniS,
601 3487 756 3551 interesse
778 3487 987 3552 tenebuntur.
1042 3488 1193 3574 Insuper,
1217 3496 1444 3571 statu-nana,

171 3569 269 3647 imus,
282 3571 370 3653 quod
397 3571 533 3658 singulis
546 3572 674 3651 diebus,
698 3572 766 3636 sive
782 3573 874 3637 festis
888 3573 957 3636 sive
976 3574 1138 3658 profestis,
1153 3596 1264 3638 omnes
1287 3575 1438 3638 jnpmyers.

171 3655 285 3719 eodem
311 3656 446 3742 collegio
475 3667 717 3736 commorantes,
745 3658 824 3723 hora
846 3681 930 3723 nona
956 3659 1155 3744 vespertina,
1171 3661 1322 3745 precibus

172 3740 328 3815 intersint
351 3742 386 3804 in
410 3743 547 3828 capella,
572 3753 617 3822 et,
642 3743 730 3807 facta
754 3744 906 3832 diligenti
939 3745 1161 3830 inquisitione,
1191 3747 1219 3809 si
1245 3748 1321 3831 quis

173 3827 315 3891 abfuerit
347 3827 500 3892 scholaris
539 3829 593 3892 vel
630 3829 860 3894 baccalaureus
891 3830 925 3892 in
953 3830 1091 3909 artibus,
1123 3833 1192 3895 sine
1225 3854 1322 3918 aequa

172 3934 269 3976 causa
293 3912 346 3977 vel
373 3936 437 3978 non
469 3924 587 3999 rogata
616 3915 721 3994 venia,
750 3916 855 4001 prima
883 3917 953 3978 vice
983 3915 1156 3980 duodecim
1181 3916 1323 3980 denariis

172 3998 370 4078 multctator,
389 4000 528 4064 secunda
553 4000 623 4064 vice
646 4022 755 4086 perse
781 4003 933 4065 timanam
953 4003 1143 4065 communiis
1165 4003 1321 4087 privator,

173 4085 272 4147 tertia
287 4107 346 4170 per
360 4108 509 4164 mensem,
532 4097 653 4170 quarta
672 4024 863 4172 expellator.
909 4087 1095 4151 Statuimns
1111 4089 1218 4160 etiam,
1233 4088 1322 4174 quod
1334 4107 1490 4155 amanensi

172 4191 282 4232 omnes
296 4170 476 4256 supradicti
491 4172 574 4236 Socii
590 4181 624 4235 et
638 4193 703 4235 non
726 4172 819 4251 Socii,
839 4172 958 4235 diebus
975 4171 1154 4236 Dominicis
1173 4183 1208 4236 et
1222 4174 1320 4253 festis
1332 4167 1480 4272 ffiggltl

174 4277 282 4318 sacras
301 4258 475 4327 conciones,
492 4257 615 4340 quaein
645 4258 874 4323 Universitate
896 4257 1120 4329 habebuntur,
1143 4257 1322 4344 diligenter
1440 4259 1447 4274 '

175 4348 209 4402 et
225 4340 354 4404 assidue
372 4343 638 4428 frequentabunt,
652 4354 687 4408 et
702 4344 920 4430 Principalem
932 4355 1000 4414 aut,
1015 4366 1054 4408 eo
1069 4346 1212 4418 absente,
1230 4344 1324 4409 Vice-

177 4426 393 4513 principalem
426 4429 469 4493 ad
517 4452 572 4495 eas
603 4441 795 4518 pergentem
833 4430 1088 4512 comitabuntur,
1122 4432 1184 4496 sub
1226 4454 1325 4517 poeua
