3022 4874
454 238 591 306 &nuta
605 240 644 323 of
652 238 746 302 Jecur
764 234 893 324 Collepa,
912 237 1042 324 Oxford.
1284 245 1328 312 73

172 423 354 491 processum
384 397 426 464 de
455 396 526 482 ejus
541 395 704 462 amotione
726 394 921 471 faciendum,
943 417 1003 483 per
1023 397 1327 484 Viceprincipalem,

172 488 400 555 assistentibus
420 483 451 549 ei
465 483 592 549 duobus
607 483 749 547 maxime
773 482 954 548 senioribus
973 483 1073 550 Sociis
1097 493 1169 549 tum
1193 485 1229 549 in
1247 486 1328 550 Uni·

173 577 329 641 versitate
344 570 570 672 praesentibus‚
594 569 824 655 interpelletur
847 579 882 634 et
901 579 1073 635 moveatur
1093 569 1136 635 ad
1155 579 1271 656 sponte
1291 583 1326 637 et

173 662 276 763 gratis
298 657 529 759 resignandum
544 662 603 721 aut
626 655 803 721 cedendum
820 677 879 719 suo
901 655 1021 733 officio;
1047 666 1161 740 utque,
1178 657 1206 720 si
1229 657 1327 724 dictae

174 743 431 834 interpellationi
447 751 505 808 aut
517 741 691 806 monitioni
705 740 949 820 auscultaverit,
960 751 993 807 et
1008 741 1095 807 intra
1112 743 1325 828 quatriduum

172 844 289 920 sponte
304 831 445 909 cesserit,
461 828 504 892 ad
518 828 596 893 novi
614 827 810 914 Principalis
834 827 1033 907 electionem,
1049 834 1147 916 juxta
1164 837 1326 895 statutum

174 919 216 984 de
226 919 381 984 electione
390 915 587 1002 Principalis
595 914 743 1000 superius
752 914 963 1000 descriptum,
971 915 1174 1000 procedatur.
1202 916 1239 983 Si
1247 938 1326 980 vero

172 1004 225 1070 vel
233 1004 443 1069 monitionem
451 1000 609 1089 ejusmodi
618 1000 855 1086 contempserit,
866 1001 931 1080 vel,
940 1001 1026 1066 infra
1035 1002 1179 1088 spatium
1188 1012 1327 1085 quatuor

171 1090 308 1167 dierum,
332 1089 454 1155 dictam
471 1087 768 1173 interpellationem
791 1096 851 1151 aut
869 1087 1078 1152 monitionem
1100 1088 1247 1173 proxime
1272 1111 1325 1152 se·

171 1178 350 1261 quentium,
361 1197 425 1239 non
434 1173 650 1260 resignaverit
665 1183 723 1238 aut
737 1172 805 1237 loco
827 1172 968 1252 cesserit,
985 1174 1131 1237 volumus
1146 1183 1185 1238 ut
1200 1173 1324 1239 dictum

170 1263 364 1328 scrutinium
378 1282 437 1348 per
445 1259 548 1327 dictos
557 1259 637 1325 duos
651 1259 793 1325 maxime
804 1260 955 1338 seniores,
965 1281 1038 1323 cum
1050 1259 1156 1324 literis
1166 1260 1324 1324 actionem

171 1348 253 1414 hanc
275 1370 400 1413 omnem
421 1345 673 1418 declarantibus
692 1345 802 1431 sigillo
829 1344 989 1409 communi
1015 1345 1095 1410 dicti
1117 1345 1245 1445 collegii
1265 1356 1325 1410 aut

171 1435 236 1499 alio
273 1435 381 1521 sigillo
418 1433 601 1498 auctentico
630 1431 792 1518 sigillatis,
823 1439 858 1495 ct
891 1431 916 1494 s'
963 1454 982 1494 o
1011 1453 1048 1495 ac
1087 1431 1325 1517 subscriptione

171 1522 308 1606 alicujus
332 1519 457 1607 publici
482 1516 603 1582 notarii
627 1516 843 1590 communitis
868 1453 1057 1582 deiciantur
1072 1515 1247 1581 Visitatori
1271 1518 1325 1582 vcl

171 1609 242 1694 cjus
264 1608 370 1671 locum
385 1604 521 1679 tenenti,
536 1611 634 1689 prout
647 1601 736 1666 infra
751 1601 946 1682 decernitur,
962 1602 1132 1667 humiliter
1146 1613 1180 1668 et
1203 1603 1325 1668 obnixe

171 1693 374 1793 petentibus,
384 1688 552 1766 ut,audita
560 1711 666 1763 causa,
674 1687 717 1752 ad
728 1687 923 1774 Principalis
935 1689 1131 1753 amotionem
1141 1689 1324 1775 procedere,

170 1801 347 1928 rpsumcpue
370 1787 469 1864 prout
482 1781 537 1862 jus
561 1785 596 1840 et
619 1797 748 1862 aequum
772 1775 999 1860 postulaverit,
1017 1776 1060 1838 ab
1083 1775 1187 1839 officio
1213 1797 1272 1840 suo
1291 1783 1326 1840 et

171 1865 288 1930 omnia
312 1864 551 1927 ministratione
565 1861 599 1925 in
615 1860 703 1925 dicto
718 1861 800 1925 colle
823 1861 866 1933 io,
881 1861 950 1924 sine
968 1859 1040 1925 ulla
1050 1859 1219 1937 dilatione,
1236 1883 1325 1926 amo-1

172 1972 248 2016 vere
272 1949 357 2023 velit,
373 1949 533 2033 simulque
549 1947 630 2012 dicti
644 1947 727 2011 colle
752 1947 774 2008 'i
798 1885 899 2012 §ociis
920 1947 1092 2012 denuntiet
1106 1957 1141 2011 et
1160 1948 1323 2034 in‘ungat,

170 2045 210 2101 ut
226 2036 269 2101 ad
284 2035 472 2100 electionem
486 2035 562 2098 novi
588 1970 780 2120 Principalis
795 2055 836 2096 ex
851 2042 929 2097 tunc
948 2033 1064 2112 libere,
1076 2039 1174 2119 juxta
1188 1972 1325 2098 lbrmam

170 2122 206 2188 in
219 2130 346 2188 statuto
362 2120 404 2186 de
418 2120 574 2187 electione
588 2118 784 2206 Principalis
797 2118 1003 2206 descriptam,
1018 2117 1206 2205 procedant.

268 2270 418 2336 30.-De
431 2267 535 2335 Sociis
544 2269 693 2354 promotis
701 2289 715 2341 ,⁰
737 2276 765 2330 et
779 2267 880 2331 cauma
893 2266 1049 2330 recedendi
1062 2286 1082 2329 a
1097 2266 1228 2351 callepio.

100 2447 102 2451 ,
216 2374 298 2445 Item
313 2378 500 2456 statuimus,
516 2374 705 2442 ordinamus
720 2384 754 2439 et
770 2373 932 2453 volumus,
949 2374 1039 2461 quod
1054 2372 1196 2459 quilibet
1212 2373 1323 2439 Socius
1335 2388 1475 2438 Fossatum
1484 2404 1511 2438 oi

172 2464 255 2531 dicti
269 2466 399 2552 collegii
413 2464 537 2528 habens
552 2461 797 2548 patrimonium,
813 2459 955 2536 feodum,
967 2482 1106 2524 annuam
1125 2461 1320 2610 pensionem,
1334 2449 1510 2569 ffigssfiffl

173 2551 392 2639 praebendam,
420 2549 559 2613 liberam
588 2547 753 2634 capellam,
777 2556 837 2611 aut
860 2547 1049 2613 beneficium
1073 2569 1125 2611 eoc
1138 2547 1322 2612 esiasticum

196 2647 373 2723 erpetuum
388 2635 614 2722 quodcunque,
625 2655 700 2697 cum
715 2655 793 2697 cura
806 2632 860 2697 vel
871 2634 940 2697 sine
955 2655 1043 2706 cura,
1058 2631 1147 2716 quod
1162 2655 1322 2698 summam

171 2659 284 2787 decem
307 2723 467 2787 librarum
485 2719 712 2785 communibus
729 2721 820 2783 annis
838 2718 986 2795 excedat,
1002 2720 1198 2783 Societatem
1213 2729 1247 2784 ct
1266 2726 1323 2805 jus

172 2809 319 2895 ejusdem
334 2807 472 2894 collegii,
487 2805 677 2871 immediate
693 2813 768 2890 post
786 2826 889 2869 unum
910 2826 1031 2868 annum
1049 2826 1069 2867 a
1091 2814 1323 2891 temporeque

171 2888 1322 2982 hujusmodipatrimonium,feodum,pensionem,praebendam,liberam

172 2981 342 3067 capellam,
352 2991 412 3046 aut
425 2990 623 3067 perpetuum
633 2976 727 3042 aliud
736 2976 928 3041 beneficium
938 2976 1195 3055 ecclesiasticum,
1212 2976 1322 3062 acqui-

171 3065 264 3131 sierit
286 3067 439 3131 continuo
463 3064 714 3144 numerandum,
729 3065 870 3128 amittet.
918 3062 1010 3127 Infra
1022 3071 1134 3126 tamen
1151 3061 1322 3126 Universi-

172 3159 284 3223 tatem,
299 3151 521 3238 permittimus
532 3151 571 3215 iis
583 3161 623 3215 ut
634 3173 707 3215 cum
717 3148 852 3237 collegio
861 3148 1047 3237 pensionem
1057 3170 1194 3213 annuam
1207 3169 1321 3231 quam·

172 3259 311 3323 cunque,
342 3237 410 3302 sive
436 3237 639 3324 stipendium
669 3257 729 3320 pro
757 3236 897 3300 lectione
948 3234 1067 3300 ublicae
1094 3234 1148 3298 vel
1176 3234 1320 3320 privatae

171 3329 387 3407 cu'uscunque
401 3322 544 3397 lecturas,
558 3321 702 3407 recipere
725 3320 869 3386 valeant.
941 3320 1130 3407 rincipalem
1148 3342 1226 3384 vero
1241 3319 1320 3384 dicti
1331 3343 1456 3408 rannpu
1467 3362 1508 3396 ms

171 3431 207 3472 co
221 3409 301 3496 legii
316 3417 452 3495 propter
466 3407 578 3492 aliqua
592 3405 747 3471 beneficia
762 3406 988 3485 ecclesiastica,
1005 3404 1157 3471 redditus
1179 3405 1231 3471 vel
1245 3428 1320 3492 pro·
1331 3403 1390 3509 hpld
1399 3406 1471 3453 Μή

170 3506 300 3576 ventuS,
315 3493 506 3581 spirituales
517 3515 576 3558 seu
591 3491 796 3578 temporales,
807 3498 1026 3579 quuscunque
1037 3491 1154 3558 valoris
1168 3493 1318 3572 existant,
1331 3475 1346 3508 ⁰
1367 3478 1416 3526 ⁸¹15
1427 3467 1507 3514 '⁸¹³⁰‘

170 3601 231 3666 per
242 3581 350 3668 ipsum
365 3580 501 3645 obtenta
515 3579 569 3644 vel
583 3578 616 3642 in
693 3586 799 3641 terum
814 3578 1002 3658 obtinenda,
1017 3580 1060 3643 ab
1075 3578 1177 3644 officio
1193 3579 1321 3642 Princi-

170 3667 255 3753 palis
270 3667 413 3731 amoveri
433 3665 605 3743 nolumus3
627 3600 706 3728 dib
721 3666 882 3729 tamenin
905 3663 991 3729 dicto
1015 3664 1152 3751 collegio
1166 3663 1320 3747 resideat,

171 3762 205 3818 et
225 3752 364 3817 officium
381 3774 478 3816 suum
497 3756 597 3838 juxta
611 3758 808 3815 statutorum
823 3751 1021 3837 exigentiam
1045 3759 1182 3837 praestet
1196 3761 1232 3816 et
1247 3773 1319 3815 exe·

195 3850 304 3906 uatur.
344 3840 520 3916 Praeterea,
545 3837 573 3900 si
603 3837 676 3920 quis
704 3836 872 3901 Sociorum
905 3837 1137 3925 praedictorum
1168 3859 1187 3901 e
1220 3858 1508 3923 regnoroffermwf

170 3861 306 4012 lngliae
322 3925 392 3988 sine
411 3924 545 3988 licentia
559 3923 672 3987 debita
686 3932 720 3986 et
739 3923 774 3986 in
792 3922 852 3987 hoc
866 3945 944 3988 casu
957 3933 1111 3988 consueta
1125 3921 1316 4001 discesserit,
1330 3922 1504 3984 F0¹¹0w⁰h³rb

170 4021 231 4076 aut
244 4011 343 4076 sacris
357 4011 454 4074 aliter
463 4032 560 4094 quam
568 4015 665 4097 Juxta
680 4031 800 4072 morem
810 4008 953 4074 ecclesiae
967 4009 1158 4096 Anglicanae
1168 4009 1319 4074 initiatus
1329 3982 1493 4099 ξὶᾞω,

171 4096 283 4175 fuerit,
300 4119 473 4184 uxoremve
497 4096 640 4167 duxerit,
666 4095 721 4159 vel
744 4094 787 4158 ab
810 4094 883 4182 ipso
897 4095 1034 4194 collegio
1048 4095 1156 4159 animo
1172 4095 1317 4159 studium
1329 4099 1370 4146 &e
1398 4074 1406 4101 ’
1492 4073 1501 4100 ’

171 4183 319 4248 totaliter
342 4180 511 4247 deserendi
533 4180 707 4260 recesserit,
724 4181 780 4246 rel
802 4203 862 4267 per
875 4192 1047 4269 sexagrnta
1064 4182 1134 4245 dies
1151 4181 1319 4245 continuos

172 4268 227 4333 vel
241 4290 306 4333 non
314 4269 481 4333 continuos
496 4267 540 4332 ab
550 4266 673 4343 eodem,
682 4267 751 4331 sine
764 4267 913 4368 legitima
921 4289 1018 4331 causa
1028 4289 1087 4354 per
1100 4266 1319 4352 Principalem

171 4364 207 4419 et
221 4360 374 4441 majorem
384 4363 511 4441 partem
519 4353 685 4420 Sociorum
696 4353 732 4416 in
750 4351 971 4419 Universitate
979 4352 1191 4440 praesentium
1201 4373 1322 4439 appro-

171 4439 261 4520 bata,
276 4463 311 4505 se
331 4441 366 4504 in
387 4439 499 4507 mdem
523 4462 607 4504 anno
621 4439 859 4518 absentaverit,
881 4438 995 4505 autin
1016 4438 1128 4506 studio
1150 4437 1320 4505 literarum

1381 4552 1449 4589 A
