3022 4874
266 246 310 309 44
551 247 686 311 Statutes
700 246 838 328 ochsus
858 243 985 331 Colleqe,
1007 245 1136 329 Ouferd.

267 405 435 470 observari
450 405 586 468 faciam:
602 404 736 491 alioqui,
752 427 869 490 poenas
884 405 919 469 in
935 405 1031 470 dictis
1046 405 1182 470 statutis
1197 405 1345 485 inflictas,
1362 417 1422 473 aut

268 516 343 578 quae
352 491 528 556 secundum
539 491 676 555 formam
687 491 863 555 eorundem
873 491 1076 577 infligentur,
1088 492 1158 555 sine
1168 493 1421 558 contradictione

55 606 169 655 Vintors’
184 608 257 653 inter·
270 579 604 664 quacunquasubibo.
637 578 732 656 Item,
743 578 830 664 quod
842 578 1179 663 interpretationibus
1190 602 1263 643 cum
1278 578 1419 644 deelara-

53 668 196 728 precatione
269 665 415 728 tionibus
435 674 469 728 et
495 664 767 747 expositionibus,
782 686 841 748 per
858 664 1068 728 Visitatorem
1092 674 1126 729 et
1141 670 1212 750 ejus
1226 688 1421 730 successores

268 750 309 813 de
335 759 369 814 et
392 771 493 835 super
511 748 623 812 dubiis
647 758 847 813 statutorum
873 750 1039 829 faciendis,
1055 772 1129 813 cum
1147 751 1264 814 effectu
1287 753 1418 837 parebo.

54 861 193 908 obediente
202 864 231 913 to,
271 834 366 911 Item,
379 835 467 920 quod
475 834 656 934 Principali
666 843 700 898 et
708 835 972 920 Viceprincipali,
983 836 1097 900 etaliis
1106 836 1187 900 meis
1196 838 1421 922 superioribus

53 921 183 981 wrm·
269 923 304 984 in
319 921 406 985 dicto
421 920 569 1005 collegio,
585 943 619 984 m
634 921 732 985 licitis
748 921 799 1008 [et
813 921 984 1010 honestis]‚
1000 932 1034 986 et
1044 923 1187 985 maxime
1202 923 1281 987 dieti
1291 924 1420 1010 collegii

269 1007 410 1091 negotiis
436 1017 470 1070 et
493 1005 596 1085 factis,
620 1006 782 1080 obediam,
805 1007 961 1085 assistam,
973 1018 1012 1093 ,ei
1036 1009 1251 1073 reverentiam
1275 1009 1421 1074 debitam

54 1116 198 1162 Anisena
208 1120 234 1161 to
269 1093 348 1178 ipsis
372 1091 570 1178 impendam.
616 1093 711 1166 ltem,
736 1094 826 1178 quod
850 1094 893 1157 ad
918 1095 997 1158 dicti
1026 1095 1155 1180 collegii
1179 1094 1421 1175 melioritatem,

54 1175 155 1278 ⁰3¹¹&
166 1175 193 1244 ³¹¹.
203 1188 258 1219 ⁰⁰⁸0
270 1189 304 1242 et
335 1179 631 1264 augmentationem
662 1179 833 1257 bonorum,
864 1190 1037 1258 terrarum,
1067 1182 1312 1267 possessionum,
1345 1182 1421 1245 red-

54 1237 237 1293 opromouon.
269 1264 411 1342 dimum,
442 1287 479 1327 ac
503 1264 629 1350 jurium
660 1265 807 1351 ejusdem
831 1267 1106 1330 confirmationem
1136 1277 1171 1333 et
1191 1266 1420 1344 defensionem,

268 1359 303 1414 et
330 1373 587 1436 quoruneunque
613 1351 818 1435 negotiorum
848 1351 928 1415 dicti
958 1353 1087 1438 collegii
1115 1354 1251 1417 celerem
1281 1354 1420 1439 expedi·

269 1437 399 1509 tionem,
410 1434 452 1500 ad
463 1458 688 1522 quemcunque
697 1447 831 1513 statum,
841 1437 990 1523 gradum,
1000 1437 1197 1524 dignitatem
1213 1449 1247 1505 et
1258 1438 1421 1517 honorem,

268 1522 303 1586 in
318 1534 482 1609 posterum
498 1545 551 1586 me
567 1521 721 1586 devenire
745 1523 928 1609 contigerit,
944 1525 979 1589 in
992 1526 1080 1588 sanis
1093 1526 1240 1604 consiliis,
1257 1525 1420 1589 favoribus

270 1618 304 1672 et
320 1608 463 1685 auxiliis,
479 1608 507 1671 si
528 1609 703 1692 requisitus
721 1609 823 1687 fuero,
839 1609 1019 1696 diligenter
1034 1611 1204 1676 intendam
1226 1622 1260 1676 et
1279 1612 1420 1687 instabo,

53 1712 199 1774 Fideutyin
270 1694 427 1776 quamdiu
450 1695 564 1757 vixero
593 1695 626 1756 in
656 1693 716 1757 hoc
741 1695 873 1760 mundo.
928 1695 1024 1775 ltcm,
1056 1697 1143 1780 quod
1167 1697 1272 1762 fidelis
1301 1721 1357 1763 ero
1386 1709 1421 1762 et

55 1773 133 1820 office.
269 1779 406 1865 diligens
421 1780 455 1843 in
478 1802 667 1862 quoeunque
688 1781 789 1845 officio
813 1791 847 1844 et
864 1783 1005 1867 negotiu,
1022 1781 1064 1846 ad
1087 1782 1175 1866 quod
1190 1806 1242 1846 me
1256 1784 1291 1847 in
1306 1783 1420 1847 eodem

269 1865 407 1951 collegio
422 1864 574 1951 deputari
597 1866 779 1951 contigerit,
794 1877 828 1931 et
848 1867 933 1930 illud
955 1866 1096 1931 fideliter
1119 1869 1271 1952 implebo.
1324 1869 1373 1931 Et
1391 1871 1420 1932 si

54 1967 236 2038 Requnciotion
269 1952 438 2037 contingat
457 1974 509 2015 me
528 1953 562 2014 in
585 1962 762 2036 posterum,
783 1963 920 2039 propter
939 1964 1174 2036 contemptum,
1199 1953 1418 2033 rebellionem,

54 2024 244 2130 ζξῗὲωῗῗίἳω
270 2036 538 2117 inobedientiam,
553 2037 655 2101 malos
677 2061 790 2116 mores,
808 2061 867 2101 scu
891 2047 1027 2123 propter
1054 2037 1134 2100 alias
1152 2059 1264 2100 causas
1282 2038 1317 2100 in
1337 2061 1419 2124 prae·

55 2097 259 2202 emmunim·
270 2125 417 2188 sentibus
437 2124 569 2188 statutis
595 2135 628 2188 et
651 2123 909 2188 ordinationibus
933 2133 1111 2202 contentae,
1137 2123 1264 2209 corrigi,
1294 2126 1418 2210 puniri,

55 2203 130 2247 Μ’
269 2220 328 2274 aut
344 2233 363 2272 a
379 2211 509 2296 collegii
523 2210 767 2288 sustentatione,
781 2219 815 2273 et
830 2209 990 2274 Societate
1002 2209 1158 2296 ejusdem,
1170 2215 1270 2295 Juxta
1281 2210 1418 2274 formam

269 2304 466 2359 statutorum
483 2307 517 2360 et
532 2297 774 2361 ordinationum
789 2295 870 2360 dicti
885 2297 1025 2383 collegii,
1036 2296 1117 2382 ejici,
1134 2296 1265 2383 expelli,
1283 2298 1417 2382 privari,

268 2379 399 2444 excludi
421 2382 472 2444 vel
497 2383 648 2459 amoveri,
672 2405 715 2445 ex
744 2392 832 2445 certa
858 2405 931 2446 mea
961 2383 1104 2461 scientia,
1128 2405 1219 2468 pure,
1243 2393 1359 2468 sponte
1385 2394 1420 2448 et

268 2466 468 2551 simpliciter,
500 2469 591 2530 omni
628 2468 757 2540 actioni,
788 2468 951 2533 occasione
985 2469 1176 2554 punitionis,
1206 2469 1419 2554 expulsionis,

268 2552 476 2638 privationis,
492 2553 689 2617 exclusionis
709 2576 766 2616 seu
781 2555 953 2619 amotionis
972 2554 1169 2641 hujusmodi,
1189 2565 1301 2620 contra
1326 2556 1419 2618 Prin-

269 2637 419 2723 cipalem,
453 2639 582 2704 Socium
613 2649 671 2703 aut
705 2639 883 2704 scholarem
913 2663 1137 2725 quemcunque
1169 2641 1247 2705 dicti
1280 2642 1419 2726 collegii,

267 2726 462 2812 conjunctim
492 2724 546 2791 vel
575 2726 714 2805 divisim,
744 2726 987 2809 quomodolibet
1023 2728 1245 2804 instituendae,
1272 2728 1418 2814 appella-

268 2811 416 2895 tionique
441 2821 474 2876 et
501 2814 641 2897 querelae
667 2813 702 2875 in
727 2835 765 2876 ea
785 2824 880 2911 parto
905 2811 1069 2891 faciendis,
1095 2822 1129 2876 et
1153 2836 1418 2895 quarumcunque

266 2897 438 2961 literarum
463 2899 692 2986 impetrationi,
711 2899 861 2996 precibus
879 2899 1074 2984 principum,
1099 2898 1320 2982 praelatorum,
1344 2921 1418 2984 pro·

268 2985 656 3070 cerum,magnatu1n‚et
679 2984 818 3047 aliorum
840 3005 1115 3066 quorumcunque,
1134 2994 1420 3068 quantumcunque

128 3130 131 3135 .
269 3069 350 3132 alias
364 3069 445 3133 mihi
459 3071 635 3155 probitatis
660 3079 695 3132 et
716 3069 791 3133 ritae
810 3068 928 3132 merita
942 3068 1173 3152 suffragentur,
1190 3071 1222 3132 in
1239 3070 1306 3133 vim
1330 3074 1419 3157 pacti

55 3173 231 3231 Dispensation
270 3157 422 3219 renuntio
437 3155 473 3219 in
487 3157 537 3220 his
555 3156 692 3243 seriptis.
739 3154 833 3233 Item,
849 3153 936 3239 quod
959 3177 1024 3219 non
1045 3155 1228 3240 impetrabo
1250 3155 1418 3242 dispensa-

54 3230 119 3277 nom
128 3232 195 3278 ΜΦ·
271 3240 393 3304 tionem
408 3241 555 3324 aliquam
570 3253 681 3307 eontra
694 3240 763 3306 haee
777 3263 849 3305 mea
858 3247 1055 3328 juramenta,
1070 3263 1131 3304 nec
1147 3251 1259 3306 contra
1276 3242 1417 3323 aliquam

270 3327 463 3408 particulam
474 3328 656 3401 eorundem,
665 3350 724 3414 per
731 3350 791 3407 me,
802 3328 903 3392 alium
915 3328 967 3393 vel
976 3328 1067 3406 alios,
1077 3328 1207 3413 publice
1217 3327 1267 3390 vel
1276 3328 1415 3410 private.

272 3411 315 3474 Et
330 3412 357 3474 si
371 3411 513 3492 aliquam
534 3414 804 3498 dispensationem
827 3413 1015 3499 hujusmodi
1042 3413 1218 3497 impetrari,
1237 3412 1291 3473 vel
1313 3414 1418 3495 gratis

268 3494 378 3558 offerri
394 3518 451 3558 seu
470 3497 599 3561 concedi
615 3496 706 3574 mihi,
722 3499 904 3582 contigerit,
921 3505 1141 3582 cujuscunque
1160 3495 1261 3559 fuerit
1279 3497 1418 3559 auctori·

270 3581 357 3660 tatis,
373 3580 424 3644 vel
449 3581 511 3644 sub
525 3604 718 3665 quacunque
741 3581 843 3645 forma
864 3584 1034 3645 verborum
1058 3603 1204 3644 concessa
1219 3580 1328 3650 fucrit,
1344 3582 1417 3668 ipsa

269 3688 333 3729 non
357 3677 432 3730 utar
450 3667 675 3750 quovismodo:
701 3667 786 3729 sicut
812 3668 905 3729 Deus
928 3689 980 3730 me
1003 3665 1141 3752 adjuvet
1162 3676 1196 3730 et
1219 3665 1287 3729 haec
1307 3678 1417 3733 sancta

271 3752 336 3815 Dei
350 3753 568 3838 Evangelia.''
604 3753 673 3817 Ubi
683 3751 743 3816 hoe
753 3757 940 3837 juramento
956 3753 1067 3815 Socius
1082 3752 1202 3815 electus
1214 3752 1310 3816 fidem
1325 3776 1416 3818 suam

55 3864 230 3935 Subscription
269 3839 466 3924 praepotenti
482 3837 563 3917 Deo,
575 3844 666 3922 justo
688 3838 847 3901 factorum
862 3838 1061 3915 aestimatori,
1077 3836 1284 3986 oblipaverit,
1301 3862 1417 3904 nomen

53 3924 104 3995 qno
113 3938 139 3968 10
165 3931 226 3968 stra-
269 3945 365 3987 suum
379 3947 416 3988 ac
426 3924 653 4009 jusjurandum
671 3934 847 4007 acceptum,
864 3945 982 3986 annum
998 3925 1076 3986 item
1091 3933 1124 3987 et
1161 3924 1224 3986 iem
1235 3924 1417 4007 juramenti

54 3986 133 4028 “⁰¹²⁰
154 3982 219 4028 Μ’
269 4011 417 4094 praestiti,
433 4033 530 4074 manu
541 4010 675 4096 propria
690 4010 725 4072 in
740 4008 869 4087 librum,
881 4032 975 4091 quem
989 4009 1065 4072 huic
1074 4009 1203 4095 negotio
1214 4012 1417 4095 peculiarem

270 4095 417 4159 futurum
443 4106 521 4161 ante
545 4096 697 4172 diximus,
723 4094 862 4171 referct3
890 4105 982 4159 etex
1007 4118 1045 4159 eo
1065 4111 1206 4181 tempore
1229 4098 1360 4181 plenum
1382 4111 1416 4164 et

268 4181 431 4268 integrum
443 4182 498 4266 jus
522 4184 574 4247 sui
599 4182 662 4246 loci
686 4181 813 4256 habeat,
843 4191 877 4244 et
896 4182 1002 4245 omnia
1024 4181 1197 4259 commoda,
1210 4182 1296 4265 jura,
1317 4185 1417 4269 privi-

267 4268 364 4353 legia,
390 4291 465 4352 quae
488 4269 532 4333 ad
559 4269 689 4333 Socium
713 4266 792 4331 dicti
823 4267 954 4353 collegii
985 4290 1112 4350 quoquo
1137 4266 1231 4333 modo
1255 4280 1417 4354 spectant,

266 4356 436 4440 percipiat.
