3022 4874
203 182 247 249 68
486 178 776 264 &antecessum
793 174 922 264 Collega,
941 175 1069 263 Ossord.

203 346 244 410 iis
267 342 489 429 dispensatum
512 336 622 403 luerit.
670 334 739 400 Sed
751 336 786 399 in
812 335 1024 401 baccalaureo
1037 333 1219 421 theologiae
1234 344 1377 437 tempus

204 432 294 496 ultra
306 427 416 493 octavi
438 426 513 489 anni
531 425 629 489 finem
677 444 831 508 rorogare
844 421 1004 494 nolumus,
1020 444 1079 486 nec
1104 421 1157 486 vel
1182 444 1265 485 cum
1293 421 1378 508 ipsis

205 517 262 581 vel
271 537 345 579 cum
360 511 560 577 Doctoribus
574 446 723 595 praeibitis
737 531 798 607 pro
812 508 1046 573 solennioribus
1054 507 1182 572 actibus
1192 507 1376 573 scholasti·

205 604 260 682 cis,
276 600 317 666 ad
333 598 543 685 adeptionem
567 595 728 683 graduum
745 594 876 659 illorum
899 616 958 680 per
979 604 1106 660 statuta
1127 592 1379 659 Universitatis

207 686 382 773 requisitis,
396 684 467 749 ullo
482 683 577 748 modo
593 681 785 768 dispensari.

408 831 559 898 aa-De
572 842 701 917 tempora
714 832 901 916 suscapimdi
912 851 1014 895 sacros
1026 831 1155 894 ordines.

257 945 355 1020 Item,
371 965 436 1027 quo
451 940 530 1006 dicti
548 940 676 1028 collegii
695 940 780 1005 Socii
798 940 840 1003 dc
859 939 923 1003 fine
945 937 987 1003 ad
1004 960 1098 1022 quem
1113 936 1285 1023 precipue
1301 936 1381 1003 des·

211 1031 310 1097 tinati
323 1040 399 1095 sunt
413 1028 510 1094 citius
526 1027 771 1105 admoveantur,
786 1037 821 1091 ct
836 1032 992 1112 majorem
1003 1023 1198 1088 occasionem
1219 1024 1379 1091 babeant

22 1128 201 1185 'msofuking
211 1115 379 1206 cogitandi
407 1114 449 1179 de
477 1115 547 1179 vita
575 1123 610 1177 et
640 1113 784 1178 moribus
813 1113 879 1176 suis
912 1113 954 1175 ad
986 1110 1129 1174 divinam
1161 1109 1378 1175 voluntatem

66 1189 158 1235 ⁰¹⁶⁰*
211 1201 447 1290 componendis,
471 1200 656 1269 statuimus,
682 1199 868 1263 ordinamus
895 1207 930 1262 ct
953 1197 1112 1275 volumus,
1138 1205 1178 1260 ut
1209 1196 1380 1283 Magistri

211 1291 344 1370 artium,
366 1295 442 1353 ante
465 1286 660 1373 completum
679 1296 806 1351 sextum
826 1307 847 1350 a
875 1283 981 1371 gradu
1006 1281 1193 1370 Magisterii
1215 1292 1381 1369 suscepto

212 1398 343 1455 annum,
352 1396 479 1439 sacrum
488 1373 678 1438 diaconatus
687 1372 833 1436 ordinem
843 1369 1032 1456 suscipiant,
1041 1379 1074 1433 et
1082 1377 1160 1433 antc
1169 1369 1379 1454 eompletum

211 1462 357 1550 proxime
372 1469 558 1545 sequentem
573 1482 692 1523 annum
706 1457 757 1543 (id
772 1457 836 1544 est)
854 1480 874 1521 a
893 1466 1044 1605 suscppto
1066 1454 1173 1541 gradu
1198 1454 1378 1521 antedicto

211 1548 397 1635 septimum,
428 1545 471 1611 ad
498 1568 625 1610 sacrum
653 1544 914 1631 presbyteriatus
946 1565 965 1606 o
1005 1541 1091 1605 inem
1119 1562 1153 1604 se
1182 1541 1380 1626 promoveri

213 1633 341 1697 faciant.
400 1633 482 1709 Quae
491 1632 518 1695 si
529 1632 600 1714 quis
610 1653 731 1705 eorum,
745 1640 845 1715 prout
856 1638 994 1715 oportet,
1010 1650 1075 1691 non
1089 1626 1213 1698 fecerit,
1223 1627 1280 1691 vel
1295 1638 1380 1695 ante

0 1754 5 1789 ι
24 1746 137 1807 xpulnon
147 1745 187 1791 for
215 1727 356 1803 quatuor
370 1716 493 1781 dictum
509 1728 638 1780 sextum
647 1739 767 1779 annum
779 1712 1172 1864 [expletumqimmediate
1183 1725 1376 1796 sequentes,

0 1813 43 1852 ”οῑ
52 1804 203 1864 takingholy
215 1827 290 1880 non,
304 1803 441 1869 ostensis
453 1801 630 1886 Principali
638 1801 744 1865 literis
759 1801 968 1866 testimoniah
991 1823 1030 1864 us
1041 1800 1082 1864 de
1096 1809 1247 1886 suscepto
1260 1799 1378 1867 diaeo-

7 1865 92 1912 rdsra

214 1901 313 1955 natus
326 1887 450 1967 ordine,
460 1911 494 1953 sc
509 1887 596 1952 intra
604 1887 830 1973 praescriptum
839 1887 904 1950 sibi
914 1898 1041 1973 tempus
1052 1886 1224 1949 diaconum
1232 1885 1376 1963 factum,

214 1977 268 2043 vel
283 1985 360 2042 ante
375 1975 518 2059 quinque
532 1973 602 2037 dies
618 1973 741 2037 dictum
755 1973 928 2058 septimum
944 1995 1064 2037 annum
1075 1972 1241 2058 expletum
1255 1972 1376 2037 imme·

214 2061 302 2128 diate
312 2071 494 2147 sequentes,
504 2082 579 2133 non,
593 2060 728 2124 ostensis
738 2059 886 2123 similiter
896 2058 1074 2146 Principali
1089 2058 1153 2130 vel,
1168 2080 1208 2122 eo
1223 2059 1376 2134 absente,

214 2148 465 2236 Viceprincipali
479 2146 584 2212 literis
599 2145 871 2211 testimonialibus
890 2145 931 2209 de
946 2155 1096 2230 suscepto
1110 2143 1377 2231 presbyteriatus

215 2234 338 2312 ordine,
352 2256 387 2298 se
411 2235 500 2299 intra
518 2233 742 2319 praestitutum
760 2233 823 2295 sibi
842 2242 972 2319 tempus
986 2232 1212 2318 presbytemm
1230 2228 1373 2310 factum,

216 2319 418 2407 probaverit,
434 2341 454 2383 a
468 2318 555 2383 dicto
569 2319 705 2405 collegio
719 2329 919 2384 amoveatur.

425 2463 576 2529 raa-De
590 2467 726 2531 abacistis
742 2467 935 2551 Pompeiis
947 2477 976 2530 et
991 2464 1159 2532 Sociorum.

262 2571 351 2650 Quia
374 2572 525 2637 nolumus
541 2575 767 2661 Principalem,
793 2577 911 2657 Socios,
928 2584 987 2641 aut
1002 2575 1162 2640 scholares
1187 2574 1373 2661 praedictos,

217 2659 376 2747 neglectis
391 2660 509 2724 studiis
524 2672 584 2727 aut
598 2662 755 2748 regimine
770 2661 850 2728 dicti
865 2662 1003 2748 collegii,
1023 2662 1065 2726 ad
1080 2662 1213 2726 libitum
1226 2663 1376 2750 evagari,

218 2745 403 2825 statuimus,
414 2747 599 2812 ordinamus
615 2758 649 2813 et
664 2749 821 2820 volumus,
831 2749 919 2832 quod
933 2747 1124 2834 Principalis
1139 2747 1217 2812 dicti
1230 2748 1373 2835 collegii,

219 2833 432 2919 imposterum
448 2835 620 2921 eligendus
635 2857 693 2898 seu
708 2833 939 2913 admittendus,
956 2835 1044 2898 ultra
1058 2856 1198 2898 mensem
1219 2835 1252 2898 in
1294 2836 1374 2900 leno

220 2919 357 2984 termino
372 2920 562 2984 nullatenus
576 2942 610 2983 se
619 2922 782 2998 absentet,
797 2934 1013 3018 preterquam
1028 2921 1061 2983 in
1076 2920 1215 3006 negotiis
1229 2856 1374 3007 collegii,

218 3005 280 3068 nisi
295 3028 402 3071 causae
417 3029 485 3069 suae
506 3006 663 3070 absentiae
682 3006 867 3070 discretioni
882 3007 1012 3090 majoris
1029 3007 1133 3094 partis
1154 3006 1320 3071 Sociorum
1335 3006 1373 3071 iu

219 3090 441 3155 Universitate
457 3100 536 3155 tunc
554 3092 760 3174 praesentium
783 3091 960 3156 videantur
980 3091 1210 3178 approbanda,
1231 3101 1267 3157 et
1285 3092 1375 3156 infra

220 3185 286 3239 tres
300 3198 425 3241 menses
440 3177 482 3242 de
496 3178 581 3243 facto
594 3179 816 3265 approbetur:
832 3185 924 3278 cnjus
935 3177 1133 3242 contrarium
1149 3177 1177 3241 si
1192 3178 1315 3257 fecerit,
1331 3200 1374 3243 eo

219 3261 306 3324 facto
330 3284 388 3325 suo
411 3263 513 3328 officio
535 3265 578 3328 sit
592 3266 750 3349 privatus.
786 3264 919 3328 Proviso
933 3286 1067 3350 semper,
1084 3263 1172 3347 quod
1195 3264 1229 3328 in
1252 3287 1304 3327 ma
1350 3286 1374 3328 a

222 3357 330 3410 tamen
355 3349 521 3412 vacatione
544 3372 603 3434 per
624 3350 705 3413 duos
732 3360 791 3414 aut
812 3359 878 3414 tres
900 3373 1024 3414 menses
1047 3349 1097 3412 illi
1120 3351 1232 3414 abesse
1246 3286 1372 3429 licebit,

222 3431 380 3518 praedicta
395 3432 597 3498 ordinatione
612 3457 675 3497 non
684 3436 843 3500 obstante.
886 3437 1050 3501 Sociorum
1059 3458 1136 3499 vero
1144 3436 1264 3500 nemini
1273 3436 1374 3499 licere

224 3517 374 3581 volumus
395 3519 430 3581 in
452 3519 550 3604 pleno
566 3519 702 3583 termino
716 3521 805 3585 ultra
828 3520 910 3584 duas
927 3520 1150 3586 hebdomadas
1165 3522 1286 3599 abesse,
1308 3522 1373 3586 sub

223 3623 323 3687 poena
352 3604 552 3692 expulsionis
574 3628 616 3704 pe
658 3616 745 3670 etuae
769 3629 789 3670 a
813 3605 900 3671 dicto
924 3607 1071 3694 collegio,
1096 3608 1159 3672 nisi
1183 3629 1280 3672 causa
1303 3630 1374 3673 suae

224 3689 383 3757 absentiae
406 3713 467 3776 per
487 3692 594 3754 Princ1
617 3627 703 3757 illem
717 3692 779 3771 vel,
802 3715 840 3757 eo
859 3694 1005 3768 absente,
1022 3693 1313 3781 Viceprinoipalem
1336 3705 1373 3759 et

223 3774 333 3839 Socios
354 3775 545 3861 graduatos‚
561 3715 618 3841 vel
636 3784 789 3865 majorem
798 3790 928 3879 partem
948 3781 1136 3861 eorundem,
1156 3780 1373 3866 approbetur.

223 3859 264 3924 In
279 3882 377 3925 causa
400 3885 478 3926 vero
493 3863 625 3928 minoris
643 3865 885 3945 absentationis,
910 3865 1097 3952 Principali,
1115 3876 1157 3946 et,
1172 3869 1206 3930 in
1226 3865 1373 3931 e'usdem

221 3947 381 4020 absentia,
400 3948 665 4036 Viceprineipali,
682 3962 883 4037 potestatem
906 3953 1040 4017 facimus
1060 3890 1280 4039 dispensandi.
1328 3953 1375 4019 Et

220 4043 342 4104 tamen,
367 4034 402 4097 in
431 4058 553 4122 magna
575 4038 751 4117 vacatione,
776 4039 979 4102 concedimus
1002 4039 1141 4104 cuilibet
1170 4039 1262 4103 Socio
1290 4039 1374 4104 dicti

221 4118 351 4206 collegii
364 4120 504 4186 liberam
519 4122 710 4187 facultatem
728 4145 763 4187 se
785 4124 979 4189 absentandi
996 4148 1056 4212 per
1071 4125 1289 4210 qnadraginta
1301 4125 1375 4189 dies

221 4205 392 4270 naturales
405 4229 413 4282 ;
438 4207 486 4273 ita
500 4216 539 4272 ut
564 4207 684 4295 [ultra]
700 4210 871 4296 sexaginta
885 4210 954 4274 dies
968 4211 1136 4275 continuos
1158 4211 1229 4274 sive
1249 4209 1375 4276 discon-

222 4291 341 4370 tinuos,
350 4314 415 4356 non
425 4304 613 4379 computato
623 4293 678 4359 die
691 4317 755 4377 quo
764 4296 903 4375 recessit,
913 4319 971 4361 neo
981 4296 1035 4361 die
1047 4321 1110 4380 quo
1119 4295 1252 4374 redibit,
1263 4296 1375 4363 nullus

222 4375 335 4443 Socius
349 4377 384 4444 in
398 4401 464 4443 uno
477 4378 656 4466 eodemque
671 4403 805 4447 annosa
819 4383 982 4463 absentet,
998 4383 1061 4448 nisi
1075 4390 1147 4471 ejus
1166 4403 1264 4447 causa
1277 4383 1377 4449 modo
