3022 4874
574 251 577 255 “
603 232 710 316 Royol
727 230 879 296 Charton.
1282 234 1326 302 29

168 411 218 474 vel
242 413 383 497 qualibet
405 413 503 474 altera
517 410 587 474 vi'ce
603 434 643 475 ex
667 411 866 477 comitatibus
880 410 1009 476 Walliae
1025 412 1178 492 Borealis,
1202 424 1233 476 et
1246 438 1325 497 qua-

169 498 249 560 libet
275 500 372 561 altera
393 499 463 561 vice
481 521 519 560 ex
536 498 735 562 comitatibus
750 497 883 562 Walliae
896 499 1075 577 Australis3
1097 501 1245 583 quodque
1268 524 1324 562 nos

169 584 304 648 ulterius
318 584 471 649 vellemus
493 586 673 664 concedere,
690 585 849 648 declarare
867 599 899 647 et
913 584 1096 664 autorizare,
1110 587 1193 668 quod
1208 587 1272 648 duo
1287 610 1325 648 ex

170 671 328 752 praedictis
338 673 439 734 tribus
452 671 719 750 exhibitionariis,
732 672 847 734 scholae
857 671 1087 753 Cowbrigiensi
1096 672 1325 755 spectantibus,

171 760 306 840 cooptati
321 759 421 820 sorent
435 758 592 820 scholares
608 758 737 840 collegii
751 758 907 842 praedicti,
923 759 1070 841 quodque
1085 758 1209 820 abinde
1221 759 1322 821 intitu-

170 841 227 903 lati
238 845 334 907 forent
349 845 496 906 omnibus
511 844 719 930 advantagiis,
734 845 884 926 proficuis
900 854 931 905 et
940 843 1131 927 privilegiis,
1143 858 1175 906 et
1188 845 1324 929 subjecti

171 927 291 989 eisdem
314 931 432 1012 regulis
456 944 488 992 et
508 932 645 1009 statutis,
675 930 836 1014 aequaliter
858 945 888 992 et
912 929 1123 992 communiter
1153 952 1226 992 cum
1250 931 1325 993 aliis

170 1014 364 1078 scholaribus
373 1016 500 1099 collegii
516 1016 662 1100 praedicti
673 1041 682 1093 3
694 1027 824 1099 excepto
835 1017 918 1098 quod
930 1015 1076 1098 praedicti
1085 1016 1148 1078 duo
1159 1016 1326 1096 scholareS,

170 1100 283 1162 ultime
305 1102 500 1174 mentioned,
515 1102 659 1165 venirent
675 1127 693 1164 a
708 1101 813 1166 schola
828 1101 1069 1184 Cowbrigiensi,
1093 1117 1127 1164 ut
1150 1104 1324 1185 praesertur,

171 1199 202 1246 et
213 1188 367 1249 nominati
383 1190 482 1251 forent
496 1212 554 1272 per
562 1188 780 1273 Principalem
796 1187 926 1270 collegii
941 1186 1098 1271 praedicti,
1114 1210 1173 1271 pro
1182 1199 1323 1271 tempore

80 1288 81 1291 ’
170 1274 363 1348 existentem,
388 1297 483 1358 super
497 1276 672 1358 quamlibet
694 1275 901 1353 vacationem,
922 1287 1017 1356 prout
1037 1273 1185 1357 praedicti
1197 1273 1324 1336 exhibi-

170 1357 296 1420 tionarii
319 1362 414 1423 modo
439 1384 496 1445 per
516 1363 711 1424 voluntatem
726 1361 870 1445 praedicti
899 1360 1027 1423 Leolini
1057 1359 1079 1422 J
1082 1360 1325 1422 enkinsnomi-

171 1444 268 1506 nandi
282 1458 368 1526 sunt,
384 1449 438 1509 sed
453 1447 588 1527 eligendi
610 1458 640 1509 et
663 1447 863 1530 approbandi
889 1469 946 1529 per
963 1446 1085 1517 Socios,
1110 1457 1147 1510 ut
1169 1443 1323 1508 usitatum

172 1529 284 1593 suisset
298 1532 333 1594 in
347 1531 571 1595 consimilibus
595 1531 743 1608 casibus;
767 1533 912 1613 quodque
927 1553 984 1594 nos
1003 1531 1138 1613 gratiose
1154 1533 1324 1595 concedere

172 1629 204 1676 et
233 1619 407 1679 autorizare
442 1618 591 1679 vellemus
620 1617 704 1699 quod
732 1615 939 1698 Principalis,
972 1616 1058 1678 Socii
1093 1632 1125 1680 et
1156 1618 1325 1698 scholares,

172 1700 299 1784 collegii
314 1702 471 1786 praedicti,
486 1715 517 1764 et
533 1725 728 1766 successores
743 1702 806 1781 sui,
820 1702 976 1784 recipere,
997 1724 1112 1785 capere
1133 1714 1163 1765 et
1177 1705 1325 1785 gaudere,

172 1799 299 1870 possent
324 1789 439 1851 ultime
464 1791 688 1852 mentionatam
706 1788 956 1851 benefactionem
982 1789 1146 1851 Edmundi
1165 1789 1323 1873 Meyrick.

172 1896 230 1956 pro
251 1877 481 1961 augmentando
504 1890 534 1938 et
557 1876 739 1959 ampliando
753 1877 908 1959 quosdam
931 1874 1154 1958 praedictorum
1184 1875 1324 1938 locorum

171 1961 375 2042 scholarium,
405 1961 542 2040 Anglice
570 1965 782 2048 scholorsln‘ps,
810 1975 842 2023 et
864 1984 922 2045 pro
948 1961 1025 2025 aliis
1048 1961 1189 2023 caritatis
1212 1964 1324 2026 usibus

172 2069 228 2130 per
244 2048 432 2131 praedictum
451 2049 657 2111 Edmundum
676 2049 820 2132 Meyrick
835 2047 963 2110 directis
977 2059 1008 2108 et
1027 2047 1182 2123 intensis3
1198 2060 1229 2109 et
1250 2070 1322 2111 con·

172 2135 284 2196 cedere
299 2136 419 2197 eisdem
434 2135 625 2219 Principali,
638 2135 741 2198 Sociis
753 2149 784 2196 et
796 2134 1004 2210 scholaribus,
1021 2133 1150 2214 collegii
1165 2132 1325 2215 praedicti,

173 2230 204 2282 et
226 2221 463 2284 successoribus
487 2221 564 2300 suis,
587 2222 716 2304 plenam
738 2219 910 2298 licentiam,
934 2232 1115 2301 potestatem
1140 2233 1170 2279 et
1189 2221 1325 2282 auctori·

173 2319 279 2377 tatem,
306 2308 347 2367 ad
373 2307 503 2390 aliquod
526 2308 576 2369 vel
600 2307 708 2389 aliqua
729 2317 856 2387 tempus
871 2305 920 2367 vel
941 2314 1086 2387 tempora
1106 2304 1325 2387 imposterum,

174 2393 365 2476 perquirere,
383 2414 495 2474 capere
525 2406 556 2454 et
581 2395 727 2472 gaudere,
752 2391 876 2473 aliquas
900 2390 979 2452 alias
1003 2406 1110 2470 terras,
1136 2402 1325 2472 tenemento,

173 2479 313 2539 redditus
336 2479 387 2540 vel
407 2477 471 2538 alia
493 2477 759 2555 haereditamenta,
775 2476 922 2539 annualis
941 2477 1057 2539 valoris
1079 2477 1324 2560 quingentarum

176 2561 341 2641 librarum,
365 2562 449 2624 ultra
472 2562 579 2624 omnia
601 2585 707 2641 onera,
723 2562 898 2626 solutiones
921 2576 949 2625 et
976 2563 1125 2646 reprisas,
1140 2565 1179 2627 de
1202 2564 1324 2627 eisdem
1399 2569 1400 2572 ’

177 2648 334 2726 exeuntia,
350 2647 410 2710 sub
426 2648 484 2709 tali
498 2648 695 2711 restrictione
712 2660 742 2713 et
758 2671 832 2710 cum
854 2649 973 2712 talibus
998 2649 1204 2713 ulterioribus
1219 2662 1325 2732 potes·

177 2733 306 2812 tatibus,
336 2732 490 2796 clausulis
519 2744 550 2795 et
582 2734 829 2817 provisionibus,
860 2734 997 2817 qualiter
1025 2735 1118 2796 nobis
1146 2735 1181 2796 in
1209 2735 1327 2836 Regali

176 2819 335 2903 sapientia
349 2833 454 2883 nostra
469 2820 663 2904 expedienda
678 2819 872 2884 viderentur:
896 2820 978 2898 Nos,
990 2820 1157 2902 praemissa
1174 2823 1327 2903 praedlcta

177 2906 419 2986 considerantes,
435 2905 594 2990 praedictae
610 2906 756 2990 petitioni
781 2905 988 2990 Principalis,
1006 2904 1173 2968 Sociorum
1189 2918 1218 2968 et
1233 2909 1325 2970 scho-

175 2992 302 3072 larium,
319 2993 450 3076 collegii
465 2993 623 3076 praedicti,
640 2993 675 3055 in
697 2993 754 3055 tali
769 2995 862 3056 modo
885 3006 915 3055 et
931 2993 1030 3058 forma
1044 2991 1179 3074 qualiter
1194 2991 1325 3056 inferius

177 3078 212 3140 in
229 3078 279 3140 his
294 3079 396 3141 literis
421 3078 536 3142 nostris
552 3081 735 3162 patentibus
759 3079 887 3162 plenius
903 3100 1088 3162 expressum
1113 3086 1171 3156 est,
1187 3101 1325 3142 annuere

177 3175 206 3227 et
230 3164 476 3228 condescendere
500 3166 636 3249 gratiose
650 3166 777 3252 dignati
801 3190 912 3229 sumus
931 3169 1077 3248 (excepto
1093 3162 1199 3247 quoad
1221 3175 1324 3249 potes·

177 3263 271 3313 tatem
295 3250 434 3337 eligendi
457 3252 599 3334 primum
624 3274 737 3314 novum
761 3252 892 3314 Socium
921 3262 953 3313 et
976 3251 1056 3313 duos
1085 3249 1208 3333 primos
1230 3273 1325 3314 novos

178 3337 344 3416 scholares,
360 3349 432 3420 post
456 3338 685 3400 conlectionem
710 3338 823 3399 harum
838 3338 999 3400 literarum
1023 3347 1200 3400 nostrarum
1216 3348 1324 3420 paten-

177 3423 271 3502 tium,
287 3445 365 3507 quos
381 3422 510 3485 interius
526 3423 561 3485 in
584 3423 633 3486 his
649 3424 857 3506 praesentibus
872 3421 1059 3486 nominatim
1075 3423 1326 3506 constituimus).

178 3509 307 3588 Sciatis,
333 3509 542 3592 igitur,'quod
567 3533 634 3589 nos,
651 3511 688 3572 de
712 3508 814 3596 gratia
837 3522 942 3572 nostra
966 3508 1111 3592 speciali,
1129 3530 1166 3571 ac
1189 3531 1227 3572 ex
1242 3523 1328 3572 certa

179 3595 313 3658 scientia
335 3607 363 3658 et
388 3617 473 3657 mero
496 3605 584 3657 motu
608 3595 733 3674 nostris,
757 3595 924 3674 ereximus,
949 3595 1164 3674 fundavimus,
1182 3594 1326 3676 fecimus,

180 3681 356 3745 creavimus
380 3694 410 3743 et
433 3681 659 3761 stabilivimus,
676 3704 713 3743 ac
736 3704 793 3767 per
816 3695 999 3764 praesentes,
1015 3704 1075 3765 pro
1099 3680 1203 3760 nobis,
1228 3682 1327 3744 haere-

179 3768 274 3831 dibus
304 3781 336 3831 et
366 3766 596 3832 successoribus
626 3768 752 3847 nostris,
780 3767 945 3852 erigimus,
975 3768 1155 3846 tundamus,
1182 3766 1326 3848 iacimus,

179 3877 321 3917 creamus
335 3866 365 3915 et
390 3852 583 3933 stabilimus,
596 3877 694 3916 unum
710 3876 825 3915 novum
847 3855 954 3917 locum
980 3853 1078 3933 Socii,
1099 3854 1239 3937 Anglice
1255 3857 1328 3919 Fel-

180 3943 313 4026 Iotosln'p,
330 3951 359 4002 et
380 3941 460 4003 duos
474 3961 570 4002 novos
586 3942 672 4003 locos
687 3940 891 4020 scholarium,
908 3940 1045 4024 Anglice
1066 3942 1278 4024 scholarsln‘ps,
1293 3939 1329 4003 in

180 4026 266 4089 dicto
289 4026 436 4111 collegio,
453 4025 580 4110 cognito
604 4036 636 4088 et
654 4039 763 4088 vocato
778 4049 835 4109 per
855 4048 969 4089 nornen
990 4025 1129 4110 Collegii
1143 4026 1223 4089 lesu
1247 4027 1328 4089 infra

181 4112 341 4175 civitatem
356 4127 386 4174 et
405 4111 652 4176 Universitatem
668 4112 812 4192 Oxoniae,
822 4136 860 4176 ex
876 4111 1057 4174 fundatione
1073 4111 1206 4197 Reginae
1225 4112 1327 4174 Elina·

179 4199 299 4275 bethae3
324 4200 469 4282 quodque
484 4198 522 4259 de
538 4211 650 4261 caetero
662 4198 725 4261 sint
742 4214 773 4260 et
796 4213 887 4260 erunt
907 4199 991 4260 inira
1005 4196 1176 4283 collegium
1192 4198 1328 4280 praedic-

182 4295 249 4346 tum
274 4285 488 4349 novemdecim
514 4284 604 4347 Socii
627 4299 658 4348 et
685 4285 860 4348 octodecim
890 4286 1045 4348 scholares
1075 4283 1203 4367 collegii
1226 4283 1328 4363 illius,

181 4368 344 4453 perpetuis
361 4371 476 4433 futuris
501 4371 698 4454 temporibus
713 4372 937 4447 continuandi;
960 4370 1106 4455 quodque
1120 4368 1328 4452 Principalis,

182 4479 239 4538 pro
255 4468 393 4540 ternpore
408 4458 556 4536 existens,
572 4470 602 4520 et
625 4457 772 4540 praedicti
793 4457 1011 4521 novemdecim
1027 4455 1115 4520 Socii
1131 4469 1159 4518 et
1184 4455 1331 4541 predicti
