3022 4874
455 255 590 322 &aare
604 257 643 338 eff
648 255 742 319 Jecur
760 253 888 340 Colleqe,
909 253 1037 340 Oeford.
1280 252 1316 317 71

172 417 342 482 Sociorum
352 425 410 480 aut
425 415 619 480 scholarium
630 414 684 480 vel
698 412 913 480 servientium
922 414 1003 479 dicti
1016 412 1155 500 collegii,
1167 413 1218 480 vel
1234 435 1318 478 com·
1332 427 1419 474 Gamcs
1430 426 1485 473 ofd

171 503 369 567 morantium
383 503 416 566 in
431 525 478 582 eo,
495 512 556 566 aut
576 501 716 577 taxillos,
731 499 827 574 aleas,
844 511 904 564 aut
927 501 1032 586 pictas
1050 498 1188 578 chartas,
1211 499 1318 580 ludat,
1332 487 1409 546 oues,
1420 487 1462 532 ⁸¹⁰·

172 601 233 654 aut
255 589 399 674 aliquem
421 590 525 654 alium
547 587 664 652 ludum
682 587 827 665 noxium,
849 586 1055 651 inhonestum
1080 585 1132 650 vel
1153 585 1319 660 illicitum,

172 675 258 739 infra
272 676 395 740 dictum
418 675 589 763 collegium
612 676 665 739 vel
680 674 761 738 alibi
782 673 868 737 infra
887 673 1151 744 Universitatem‚
1171 681 1321 736 exerceat

196 763 397 827 uovismodo.
454 761 693 840 Permittimus,
727 771 846 836 tamen,
867 759 969 844 quod
1004 768 1154 843 tempore
1188 757 1322 823 Natalis
1416 811 1419 817 .

172 784 308 911 bomini
343 849 441 934 pictis
463 847 585 912 chartis
614 847 739 921 ludere,
773 846 827 910 vel
855 847 959 910 alium
991 844 1108 909 ludum
1138 843 1322 924 honestum,

171 935 351 998 secundum
370 934 537 1020 judicium
548 933 745 1021 Principalis
756 933 818 1011 vel,
830 956 868 999 eo
882 934 1027 1007 absente,
1039 931 1322 1018 Viceprincipalis,

171 1020 304 1107 publice
315 1021 348 1085 in
360 1023 438 1085 aula
448 1043 609 1097 exercere,
618 1021 754 1106 possint.
772 1019 808 1083 Si
817 1020 891 1103 quis
903 1028 1015 1083 autem
1025 1017 1103 1082 huic
1112 1027 1250 1097 statuto,
1261 1027 1322 1082 aut
1334 1041 1463 1088 reniterer.

171 1106 272 1171 alicui
287 1109 461 1191 particulae
477 1107 632 1193 ejusdem,
646 1107 866 1170 contravenire
879 1106 1139 1192 praesumpserit,
1149 1110 1323 1190 cujuscun-

171 1216 238 1279 que
254 1193 375 1280 gradus
390 1204 449 1258 aut
463 1193 657 1258 conditionis
672 1193 783 1270 fuerit,
794 1215 856 1279 pro
870 1192 979 1276 prima
994 1191 1064 1254 vice
1079 1200 1152 1255 octo
1167 1189 1323 1265 denariis,

170 1301 231 1427 pro
255 1278 393 1343 secunda
414 1281 484 1344 vice
505 1280 645 1344 sedecim
667 1279 819 1358 denariis,
834 1289 869 1343 et
885 1300 945 1365 pro
963 1279 1061 1342 tertia
1076 1277 1156 1351 vice,
1170 1276 1200 1339 si
1222 1299 1322 1363 super

194 1387 230 1428 oc
254 1367 419 1430 convictus
441 1367 553 1445 suerit,
569 1388 628 1430 sex
650 1366 763 1430 solidis
782 1375 816 1429 et
834 1374 906 1429 octo
921 1363 1074 1441 denariis,
1094 1362 1321 1426 mulctabitur.

174 1451 218 1515 Et
229 1452 256 1514 si
273 1451 425 1538 deinceps
447 1454 481 1517 in
496 1475 536 1517 ea
552 1463 646 1537 parte
664 1451 839 1536 culpabilis
853 1460 1003 1536 repertus
1018 1448 1129 1528 fuerit,
1140 1454 1241 1534 juxta
1255 1448 1324 1512 dia·

170 1538 345 1601 cretionem
356 1539 557 1623 Principalis,
567 1538 631 1617 vel,
646 1538 839 1613 eoabsente‚
851 1534 1132 1620 Viceprincipalis,
1145 1545 1180 1599 et
1191 1535 1324 1620 majoris

171 1625 277 1708 partis
299 1625 464 1689 Sociorum
493 1625 527 1688 in
554 1622 781 1688 Universitate
806 1622 1031 1700 existentium,
1055 1621 1200 1707 graviori
1223 1643 1325 1706 poena

170 1710 341 1794 puniatur,
368 1709 430 1788 vel,
450 1711 476 1774 si
503 1709 759 1858 incorriqibilem
782 1730 817 1772 se
842 1707 1033 1785 ostenderit,
1055 1728 1115 1792 per
1141 1706 1274 1770 eosdem
1303 1730 1323 1771 a

170 1794 305 1882 collegio
328 1807 527 1862 amoveatur.
571 1795 623 1860 Vo
639 1818 745 1874 umus,
770 1796 879 1865 etiam,
904 1793 993 1879 quod
1015 1792 1129 1856 nullus
1154 1794 1324 1857 Sociorum
1337 1808 1485 1915 Keppippp:

1256 1880 1323 1943 ium
1336 1884 1364 1941 οἳ
1426 1901 1450 1938 .’

170 1966 205 2030 in
220 1990 268 2047 eo,
284 1969 425 2052 aliquem
438 1991 551 2032 canem
566 1969 618 2032 vel
635 1989 728 2032 avem
744 1967 1011 2052 qualemcunque,
1022 1989 1081 2029 seu
1096 1965 1165 2030 aliu
1205 1966 1325 2045 animal
1336 1928 1484 2045 iiidyediiio

170 2054 398 2139 quodcunque,
419 2056 505 2119 infra
519 2055 642 2119 dictum
657 2054 830 2141 collegium
846 2054 899 2117 vel
916 2063 1019 2131 extra,
1035 2053 1079 2115 ad
1094 2051 1251 2116 damnum
1267 2075 1325 2116 seu

171 2139 405 2239 detrimentum
435 2143 574 2228 collegii,
605 2144 675 2205 sive
704 2141 748 2204 ad
778 2149 1021 2217 nocumentum,
1053 2138 1325 2220 inquietationem

171 2237 233 2291 aut
247 2229 542 2312 perturbationem,
558 2229 695 2313 alicujus
711 2227 876 2291 Sociorum
890 2226 944 2288 vel
958 2224 1152 2287 scholarium
1170 2223 1327 2309 eJusdem,

169 2313 299 2378 nutriat
321 2337 380 2378 seu
404 2313 578 2392 custodiat,
594 2323 654 2377 aut
676 2313 776 2376 etiam
792 2321 901 2390 cantu,
919 2310 1067 2381 clamore,
1083 2309 1324 2389 vociferatione,

171 2397 392 2465 instrumento
411 2401 542 2477 musico,
567 2409 627 2463 aut
648 2399 760 2481 quovis
780 2418 900 2484 genere
923 2396 1097 2472 tumultus,
1116 2396 1247 2461 Socium
1266 2407 1327 2460 aut

172 2484 352 2549 scholarem
370 2508 593 2569 quemcunque
618 2485 697 2549 dicti
722 2483 860 2569 collegii,
886 2506 950 2566 quo
973 2484 1081 2546 minus
1110 2482 1243 2547 studere
1268 2491 1329 2547 aut

172 2568 313 2634 dormire
328 2571 451 2649 valeat,
465 2593 596 2654 quoquo
611 2570 708 2635 modo
724 2569 897 2655 impediat,
912 2570 975 2634 sub
990 2591 1091 2654 poena
1109 2591 1129 2632 a
1147 2569 1329 2655 Principali

171 2655 233 2733 vel,
250 2678 288 2719 eo
304 2658 448 2735 absente,
464 2656 721 2743 Viceprincipali
736 2657 779 2720 ad
794 2655 969 2720 arbitrium
984 2654 1176 2742 infligenda.

171 1890 232 1944 aut
254 1882 448 1947 scholarium
470 1884 538 1946 sive
560 1882 774 1947 servientium
796 1881 877 1945 dicti
895 1879 1034 1966 collegii,
1055 1889 1114 1944 aut
1135 1879 1176 1943 de
1200 1889 1254 1944 ent

159 2782 161 2786 ¹
230 2805 381 2874 ra-De
396 2808 555 2872 corwordio
571 2805 729 2873 Sociorum
743 2816 771 2869 et
785 2827 844 2870 aea
859 2804 1017 2870 Sociorum
1033 2805 1067 2866 in
1080 2804 1269 2866 electionibus

523 2895 743 2980 officiariorum
765 2891 989 2957 Universitotis.

217 3003 306 3079 Quia
316 3003 475 3067 scholares
487 3001 568 3066 dicti
577 3001 638 3066 coll
682 3003 702 3066 ii
713 3002 865 3087 cupimus
874 3022 938 3064 non
948 3008 1078 3063 tantum
1088 2996 1177 3061 inter
1186 2997 1330 3083 privatos

174 3088 316 3174 parietes
339 3112 408 3153 esse
422 3090 603 3164 concordes
624 3025 681 3154 sid
695 3090 796 3154 etiam
811 3087 889 3151 foris
907 3086 940 3149 in
957 3083 1173 3149 electionibus
1195 3104 1328 3147 consen·
1342 3099 1485 3170 Elqctionsr

175 3175 295 3238 tientes
307 3198 316 3250 ;
340 3175 415 3240 ideo
438 3176 626 3254 statuimus,
652 3176 839 3239 ordinamus
863 3183 898 3237 et
922 3171 1083 3241 volumus,
1108 3179 1158 3249 ut,
1183 3169 1217 3233 in
1241 3170 1328 3233 omni
1341 3159 1484 3263 Hffflffl‘l

173 3260 332 3324 electione
369 3261 597 3325 officiariorum
625 3262 831 3345 publicorum
860 3257 1104 3334 Universitatis,
1133 3255 1329 3320 candidatus
1437 3250 1442 3262 '

174 3345 370 3411 domesticus
385 3356 549 3425 extrane0,
565 3356 599 3410 et
614 3346 700 3410 inter
715 3346 908 3410 domesticos
922 3345 1034 3410 Socius
1048 3364 1113 3406 non
1127 3342 1230 3421 Socio,
1245 3342 1329 3406 votis

174 3432 429 3520 suffragantium
444 3433 648 3519 praeferatur,
665 3432 728 3496 sub
742 3454 844 3518 poena
866 3430 1087 3518 quadraginta
1105 3428 1279 3493 solidorum
1297 3428 1330 3491 in

176 3540 251 3582 eum
267 3521 323 3602 q'ui
339 3519 586 3589 contrafecerit,
611 3541 671 3605 per
686 3518 907 3604 Principalem
928 3517 991 3597 vel,
1017 3517 1050 3580 in
1076 3522 1148 3602 ejus
1173 3515 1332 3589 absentia,

176 3604 471 3692 Viceprincipalem
486 3604 673 3692 infligenda.

437 3755 587 3820 ‘ru-De
602 3758 711 3820 Portis
728 3765 756 3818 et
775 3756 873 3818 Ostiis
887 3753 1073 3817 claudendis.

216 3867 504 3946 Item,statuimus,
510 3865 703 3930 ordinamus
713 3877 746 3930 ct
752 3865 913 3942 volumus,
923 3873 963 3926 ut
972 3863 1083 3926 omnia
1092 3861 1176 3924 ostia
1187 3870 1219 3923 ct
1229 3868 1332 3944 portae
1345 3872 1445 3930 closing
1455 3885 1485 3928 ga

180 3952 262 4017 dicti
286 3952 414 4038 collegii
442 3953 630 4017 immediate
654 3962 728 4036 post
755 3950 869 4014 horam
891 3971 1006 4013 nonam
1036 3949 1099 4012 sub
1122 3956 1257 4012 noctem,
1274 3967 1332 4029 per
1344 3933 1393 3977 Μ
1404 3932 1484 3977 ‘¹⁰⁰³‘

174 4037 351 4121 janitorem
366 4038 568 4112 claudantur
582 4050 616 4103 et
640 4040 842 4109 obserentur,
860 4036 1028 4117 clavesque
1051 4033 1095 4096 ad
1111 4030 1331 4116 Principalem

179 4124 241 4201 vel,
266 4126 337 4210 ipso
353 4124 499 4204 absente,
524 4123 820 4212 Viceprincipalem
836 4122 1037 4198 deferantur,
1059 4120 1120 4183 sub
1135 4139 1235 4204 poena
1250 4116 1334 4179 duo·

178 4208 284 4273 decim
297 4210 503 4275 denariorum
516 4236 525 4289 3
544 4222 578 4275 ct
592 4234 634 4275 ne
644 4211 765 4275 iterum
776 4209 1052 4295 aperianturante
1063 4205 1176 4268 horam
1187 4203 1336 4285 quintam

180 4294 247 4358 diei
262 4298 500 4380 subsequentis,
514 4297 577 4360 nisi
591 4320 632 4362 ex
647 4297 759 4380 aliqua
773 4318 872 4359 causa
883 4291 1079 4369 rationabili,
1095 4312 1155 4376 per
1169 4286 1337 4372 Principa-

178 4381 244 4445 lem
271 4382 333 4460 vel,
357 4404 395 4446 eo
418 4383 563 4461 absente,
589 4380 884 4469 Viceprincipalem
900 4403 920 4444 a
944 4376 1126 4465 probanda,
1150 4376 1212 4439 sub
1236 4395 1337 4521 poena

179 4467 349 4553 praedicta.
396 4470 441 4534 Et
463 4469 491 4532 si
506 4470 580 4553 quis
596 4469 759 4536 Sociorum
773 4469 826 4534 vel
844 4402 1088 4532 nouissimum
1103 4462 1185 4527 dicti
1199 4483 1236 4524 co
1250 4460 1336 4546 legii,
