3022 4874
613 253 719 336 Royol
737 252 894 316 Chartam.
1297 255 1319 318 9

169 429 256 509 ciali,
284 453 321 494 ac
345 449 385 493 ex
409 439 499 493 certa
523 427 658 492 scientia
683 439 717 493 et
740 451 829 493 mero
852 439 945 494 motu
968 430 1096 506 nostris,
1120 430 1270 494 dedimus
1286 440 1320 496 et

170 517 389 594 concessimus,
409 539 446 579 ac
468 538 527 601 pro
551 515 653 592 nobiS,
669 514 857 580 haeredibus
881 526 916 580 et
939 516 1171 580 successoribus
1193 519 1318 596 nostris,

170 605 376 687 quantumin
391 602 484 666 nobis
504 611 562 679 est,
586 623 646 687 per
673 612 845 686 presentes
868 601 1071 666 concedimus
1094 613 1128 666 et
1151 602 1324 667 licentiam·

170 689 295 761 damus,
311 689 417 752 eidem
433 687 570 774 Hugoni
592 687 725 772 Aprice,
751 688 839 771 quod
860 689 938 773 ipse,
960 687 1114 766 haeredes,
1132 697 1320 752 executores

170 787 204 839 et
227 774 384 861 assignati
405 775 466 850 sui,
489 773 642 851 maneria,
667 785 778 852 terras,
805 784 999 852 tenementa‚
1027 774 1185 850 redditus,
1210 797 1320 839 revor-

170 861 284 939 siones,
312 861 456 932 servitia,
482 860 642 927 rectorias
667 860 841 945 portiones,
871 860 1068 941 annuitates,
1093 883 1129 924 ac
1154 861 1261 924 omnia
1286 871 1320 926 et

170 947 355 1011 omnimoda
369 947 434 1010 alia
448 945 719 1010 haereditamenta
745 957 779 1010 ct
799 947 1009 1031 possessiones
1024 969 1233 1030 quaecunque,
1251 958 1319 1012 tam

169 1033 357 1119 spiritualia
381 1055 478 1116 quam
503 1032 704 1117 temporalia,
730 1033 772 1096 ad
794 1033 939 1096 valorem
965 1033 1133 1131 sexaginta
1158 1033 1319 1097 librarum

170 1140 368 1204 perannum
387 1120 474 1183 ultra
488 1119 594 1182 omnia
612 1141 711 1182 onera
733 1129 766 1183 et
788 1119 939 1204 reprisas,
954 1119 1116 1204 pracdrctis
1132 1118 1239 1182 Princi
1264 1119 1319 1198 ali,

172 1206 272 1270 Sociis
303 1216 337 1269 et
364 1205 562 1268 scholaribus
588 1216 621 1269 et
650 1206 885 1269 successoribus
912 1205 988 1277 suis,
1019 1207 1107 1282 dare,
1137 1142 1320 1283 concedere,

170 1292 334 1378 assignare
364 1313 421 1354 seu
450 1291 570 1376 legare,
597 1292 722 1376 possint
751 1302 784 1355 et
812 1292 953 1368 valeant,
985 1313 1043 1354 seu
1067 1312 1176 1354 eorum
1203 1290 1321 1373 aliquis

170 1379 270 1463 possit
301 1400 359 1440 seu
389 1377 526 1453 valeat3
555 1377 716 1449 habenda,
742 1377 882 1441 tenenda
919 1387 953 1440 et
991 1376 1166 1458 gaudenda
1196 1375 1320 1440 eisdem

174 1463 361 1549 Principali,
387 1462 485 1525 Sociis
500 1473 534 1527 et
558 1462 770 1540 scholaribus
787 1474 821 1526 et
844 1463 1076 1526 successoribus
1097 1463 1173 1533 suis
1199 1463 1321 1559 imper-

170 1561 317 1635 petuum.
345 1548 508 1611 Dedimus
519 1547 616 1610 etiam
627 1556 661 1609 et
669 1548 890 1627 concessimus,
903 1570 1011 1633 acpro
1021 1548 1124 1627 nobis,
1135 1547 1322 1612 haeredrbus

172 1645 207 1698 et
227 1635 465 1697 successoribus
489 1633 627 1704 nostris,
643 1644 803 1715 quantum
827 1633 859 1695 in
884 1635 976 1697 nobis
995 1644 1055 1713 est,
1071 1656 1131 1720 per
1146 1644 1321 1720 praesentes

171 1720 374 1783 concedimus
397 1730 431 1784 et
454 1719 618 1783 licentiam
641 1717 756 1782 damus
780 1719 962 1803 specialem,
977 1720 1155 1803 cuicunque
1171 1719 1227 1782 alii
1245 1743 1321 1805 per-

171 1829 268 1878 sonae,
294 1816 326 1870 et
353 1805 598 1889 quibuscunque
622 1804 694 1868 aliis
711 1805 864 1892 personis,
881 1805 968 1889 quod
983 1806 1058 1892 ipsi,
1074 1806 1230 1878 haeredes,
1247 1829 1323 1870 exe·

171 1904 297 1957 outores
321 1901 355 1954 et
379 1891 536 1977 assignati
559 1889 621 1960 sui,
646 1892 799 1970 maneria,
823 1902 938 1970 terras,
955 1902 1149 1970 tenementa‚
1165 1891 1322 1969 redditus,

172 1979 380 2055 reversiones,
397 1977 541 2051 servitia,
556 1979 719 2054 rectorias,
736 1978 915 2064 pensiones,
931 1979 1106 2064 portiones,
1124 1978 1321 2057 annuitates,

171 2088 207 2129 ac
221 2064 327 2128 omnia
343 2074 377 2128 et
392 2062 577 2126 omnimoda
592 2062 656 2126 alia
674 2064 946 2128 haereditamenta
960 2074 993 2128 et
1051 2064 1219 2128 ssessiones
1233 2087 1322 2147 quae-

170 2173 305 2234 cunque,
334 2160 401 2214 tam
423 2149 609 2235 spiritualia
632 2173 730 2233 quam
754 2151 956 2234 temporalia,
978 2087 1175 2213 adivalorem
1191 2161 1322 2213 centum

171 2237 331 2301 librarum
352 2258 412 2322 per
438 2257 568 2304 annum,
592 2235 684 2299 ultra
706 2236 814 2298 omnia
838 2257 937 2298 onera
960 2245 994 2298 et
1016 2235 1167 2321 reprisas,
1192 2246 1257 2300 tam
1282 2236 1323 2300 dc

171 2322 268 2386 feodo
290 2344 350 2385 suo
375 2322 508 2407 proprio
529 2334 626 2403 qu'am
642 2321 757 2398 alieno,
774 2320 948 2384 dummodo
964 2319 1005 2384 dc
1019 2323 1121 2399 nobis,
1136 2320 1323 2386 haeredibus

171 2409 223 2471 vel
246 2407 480 2471 successoribus
502 2406 630 2480 nostris,
647 2429 710 2470 non
735 2417 909 2470 teneantur
932 2407 1122 2471 immediate
1146 2408 1179 2471 in
1204 2409 1321 2495 capite,

171 2496 223 2557 vel
251 2516 310 2579 per
339 2492 508 2556 servitium
536 2491 688 2568 militare,
718 2493 863 2578 praefatis
894 2493 1081 2580 Principali,
1106 2504 1140 2559 et
1164 2495 1264 2558 Sociis
1288 2506 1323 2560 et

172 2579 383 2653 scholaribus,
407 2587 441 2641 et
467 2578 702 2642 successoribus
731 2580 806 2657 suis,
833 2578 922 2658 dare,
947 2581 1129 2658 concedere,
1156 2581 1323 2679 assignare

172 2689 231 2729 seu
254 2665 374 2751 legare,
391 2663 515 2748 possint
538 2686 597 2727 seu
622 2665 762 2740 valeant,
786 2674 845 2728 aut
869 2686 982 2728 eorum
1007 2667 1124 2750 aliquis
1144 2677 1244 2751 possit
1263 2689 1321 2731 seu

174 2751 304 2827 valeat3
341 2749 502 2820 habenda,
535 2750 677 2814 tenenda
706 2760 740 2814 et
768 2750 952 2837 gaudenda,
984 2751 1103 2814 eisdem
1133 2752 1321 2838 Principali,

174 2837 275 2902 Sociis
300 2845 334 2900 et
361 2835 568 2904 scholaribus,
590 2845 624 2900 et
648 2837 882 2900 successoribus
904 2836 970 2899 suis
1000 2837 1253 2922 imperpetuum,
1277 2839 1322 2904 Et

173 2924 293 2988 eisdem
323 2923 511 3008 Principali,
537 2922 639 2987 Sociis
670 2932 705 2986 ct
732 2922 937 2995 scholaribus,
961 2923 1047 3006 quod
1075 2922 1138 3007 ipsi
1166 2923 1321 3003 maneria,

173 3019 286 3087 terras,
322 3018 516 3078 tenementa‚
553 3008 712 3087 redditus,
744 3009 954 3084 reversiones,
986 3009 1128 3082 servitia,
1158 3010 1320 3090 rectoriae,

173 3095 354 3181 pensiones,
377 3097 551 3180 portiones,
576 3096 772 3174 annuitates,
788 3118 824 3158 ac
841 3096 948 3158 omnia
970 3095 1037 3158 alia
1050 3094 1323 3161 haereditamenta

174 3190 208 3245 et
223 3181 437 3266 possessiones
460 3204 669 3264 quaecunque,
684 3181 727 3244 ad
749 3182 891 3245 valorem
906 3181 1138 3280 praedictarum
1153 3183 1323 3268 sexaginta

173 3268 345 3338 librarum,
363 3288 383 3328 a
399 3266 536 3412 praefato
553 3268 696 3351 Hugone
718 3267 836 3351 Aprice
855 3289 999 3352 recipere
1021 3268 1145 3352 possint
1159 3278 1194 3331 et
1210 3277 1322 3332 tenere

173 3353 237 3417 sibi
261 3351 385 3416 eisdem
434 3351 594 3436 rincipali,
620 3352 719 3414 Sociis
743 3362 777 3415 et
800 3351 1010 3431 scholaribus,
1035 3364 1068 3418 et
1089 3354 1322 3418 successoribus

173 3440 240 3502 suis
267 3439 533 3524 imperpetuum:
558 3450 591 3503 et
614 3437 736 3501 eisdem
750 3438 937 3524 Principali,
953 3439 1054 3504 Sociis
1069 3449 1103 3503 et
1117 3439 1322 3512 scholaribus,

174 3525 261 3608 quod
276 3525 339 3610 ipsi
353 3524 462 3587 omnia
485 3526 639 3602 maneria,
667 3534 781 3592 terras,
807 3534 1003 3602 tenementa‚
1028 3526 1189 3600 redditus,
1214 3549 1321 3590 rever-

173 3613 287 3689 siones,
310 3610 453 3684 servitia,
480 3609 642 3684 rectorias‚
666 3611 847 3695 pensiones,
871 3611 1044 3695 portiones,
1069 3613 1263 3692 annuitates,
1286 3636 1323 3677 ac

174 3698 282 3761 omnia
304 3696 575 3760 haereditamenta
598 3707 631 3760 et
654 3697 869 3781 possessiones
894 3720 1103 3780 quaecunque‚
1120 3698 1163 3762 ad
1179 3699 1321 3763 valorem

175 3793 306 3846 centum
327 3783 487 3846 librarum
517 3805 577 3868 per
603 3804 735 3859 annum,
764 3806 783 3846 a
809 3806 1001 3866 quacunque
1025 3784 1093 3848 alia
1124 3807 1263 3871 persona
1288 3796 1323 3850 et

175 3869 421 3952 quibuscunque
445 3868 517 3931 aliis
540 3869 684 3955 personis
707 3890 746 3931 ca
766 3869 812 3933 eis
832 3869 911 3932 dare
929 3870 977 3932 vel
1002 3870 1174 3934 concedere
1199 3871 1323 3935 volenti

176 3977 233 4018 seu
257 3954 451 4033 volentibus,
476 3955 619 4040 recipere
644 3953 766 4041 possint
792 3964 825 4018 et
850 3967 970 4033 tenere,
995 3956 1059 4018 sibi
1083 3955 1205 4019 eisdem
1226 3957 1321 4020 Prin·

175 4041 282 4126 cipali,
299 4041 398 4104 Sociis
418 4051 454 4104 et
477 4040 686 4118 scholaribus,
710 4051 745 4105 et
767 4041 1000 4105 successoribus
1023 4041 1101 4120 suis,
1128 4042 1213 4106 sicut
1236 4063 1322 4128 prae·

174 4126 299 4190 dictum
314 4135 371 4204 est,
382 4127 632 4212 imperpetuum,
645 4137 756 4190 tenore
770 4127 980 4212 praesentium
991 4127 1144 4189 similiter
1158 4127 1323 4192 licentiam

175 4212 334 4290 dedimus,
367 4236 404 4276 ac
436 4235 495 4297 pro
521 4213 624 4285 nobiS,
654 4213 841 4277 haeredibus
869 4222 905 4277 ot
933 4213 1167 4277 successoribus
1197 4214 1323 4288 nostrie,

176 4296 291 4360 damus
314 4298 506 4383 specialem:
531 4309 658 4363 statuto
678 4299 719 4363 de
743 4299 837 4365 terris
861 4309 894 4363 et
918 4299 1108 4364 tenementis
1131 4299 1174 4362 ad
1192 4321 1324 4364 manum

176 4394 337 4447 mortuam
362 4406 425 4446 non
451 4385 619 4468 ponendis,
644 4394 702 4448 aut
723 4386 834 4469 aliquo
855 4385 919 4449 alio
942 4393 1076 4462 statuto,
1093 4395 1177 4463 actu,
1194 4385 1324 4451 ordina-

177 4468 276 4541 tione,
304 4469 488 4554 provisione
517 4493 575 4535 seu
603 4471 815 4557 restrictione,
846 4473 1079 4557 incontrarium
1108 4471 1201 4553 facto,
1224 4471 1325 4552 edito,
