3022 4874
454 288 606 355 stuata
619 292 659 373 of
666 289 759 377 lasus
778 287 906 373 Colleqe,
926 285 1053 370 Osford.
1292 285 1336 350 39

180 454 215 510 et
238 444 461 511 indifferenter
474 445 603 525 faciam,
619 456 678 512 aut
696 469 736 512 ea
749 469 810 534 per
827 444 909 511 alios
933 445 1002 510 fieri
1020 445 1215 531 procurabo,
1229 454 1332 530 quan·

181 539 252 595 turn
270 532 306 595 in
326 555 378 596 me
403 534 477 598 erit.
520 533 570 598 Et
592 533 621 597 si
638 533 829 617 hujusmodi
849 534 1069 611 correctiones,
1093 533 1281 617 punitiones
1298 544 1331 598 et
1345 536 1501 607 correcums

180 615 432 698 reformationes,
448 630 486 684 ut
509 620 697 706 prefertur,
717 619 831 683 debite
850 619 959 682 facere
972 640 1039 682 non
1056 625 1180 704 potero,
1196 629 1331 705 propter
1343 593 1502 704 ssqqunnh-

179 705 361 787 potentiam
381 715 443 769 aut
464 706 716 770 multitudinem
740 704 1010 787 delinquentium,
1035 705 1180 790 ipsorum
1198 705 1330 769 nomina

180 799 214 852 et
237 790 435 876 cognomina,
461 814 535 855 cum
558 792 723 876 qualitate
745 801 781 855 et
798 791 982 875 quantitate
1007 790 1198 855 del-ictorum
1219 798 1254 855 et
1272 810 1329 855 er-

178 896 326 939 cessuum
341 875 543 962 hujusmodi,
553 900 594 943 ex
609 889 688 943 tunc
702 900 800 961 quam
813 878 878 942 cito
891 886 1060 962 potem,et
1069 875 1130 939 hoc
1140 877 1226 940 infra
1238 899 1329 940 men*

177 981 256 1039 sem,
272 960 404 1026 domino
425 963 615 1039 visitatori,
628 965 688 1047 qni
704 964 789 1028 infra
811 963 1014 1050 designatur,
1030 963 1184 1027 deferam,
1230 961 1328 1041 Item,
1341 983 1431 1031 nutias
1440 979 1470 1026 of

177 1045 265 1128 quod
287 1048 460 1113 officiarios
481 1059 516 1115 et
540 1050 710 1115 ministros
736 1047 885 1136 ejusdcm
915 1048 1055 1137 collegii,
1080 1049 1327 1132 quibimcuuque
1340 1043 1444 1091 ⁰ffi⁰⁸¹⁸·

176 1131 287 1196 officiis
303 1143 337 1197 et
349 1135 537 1200 ministeriis
552 1136 725 1222 deputatos
741 1146 777 1200 et
788 1134 1001 1221 deputandos,
1016 1135 1191 1220 diligenter
1205 1134 1327 1198 eisdem

78 1285 79 1288 ,
175 1217 344 1283 intendere
372 1220 489 1285 faciam
513 1227 615 1308 Juxta
643 1244 748 1308 posse.
795 1221 893 1300 Item,
922 1220 952 1284 si
980 1222 1024 1285 ab
1052 1221 1156 1285 officio
1183 1241 1256 1284 meo
1283 1222 1496 1284 obsaturatus

177 1304 309 1390 culpam
332 1330 438 1372 meam
463 1329 515 1372 me
539 1309 693 1383 amoveri,
711 1308 764 1372 vel
786 1297 893 1371 eidem
917 1316 1051 1394 propter
1075 1307 1173 1370 aliam
1195 1328 1326 1370 causam
1339 1295 1505 1399 ffiffoffi'

177 1412 228 1453 me
254 1401 370 1476 sponte
395 1392 520 1472 cedere,
543 1404 605 1458 aut
630 1393 722 1473 mori,
745 1394 925 1478 contingat,
950 1393 978 1454 si
1003 1393 1088 1456 bona
1110 1394 1222 1475 aliqua
1247 1392 1492 1456 dictifromoffioe.

177 1476 318 1563 collegii,
334 1488 481 1564 tempore
490 1480 673 1550 amotionis,
684 1478 836 1543 cessionis
847 1478 901 1541 vel
912 1478 1027 1542 mortis
1036 1501 1116 1541 mere
1128 1477 1328 1562 hujusmodi,

177 1562 231 1625 vel
260 1573 336 1648 post
361 1565 558 1628 amotionem
585 1575 645 1628 aut
668 1565 842 1628 cessionem
867 1585 982 1642 meam,
1008 1584 1107 1662 penes
1136 1585 1189 1626 me
1214 1563 1266 1627 vel
1291 1563 1327 1626 in

176 1649 376 1733 possessione
399 1661 458 1714 aut
471 1660 635 1736 potestate
658 1649 814 1728 habuero,
840 1649 913 1735 ipsa
929 1670 1049 1728 omnia,
1065 1659 1100 1712 et
1118 1671 1158 1712 ea
1179 1670 1252 1732 quae
1269 1669 1328 1734 per

178 1755 229 1796 me
245 1734 348 1818 prius,
364 1733 506 1812 durante
523 1735 628 1800 officio
639 1758 721 1814 meo,
759 1744 891 1821 ercepta
901 1735 1046 1814 suerunt,
1056 1735 1231 1799 successori
1245 1755 1326 1814 meo,

176 1818 357 1905 Principali
381 1819 464 1883 dicti
483 1821 622 1908 collegii,
640 1821 723 1885 etei
746 1843 797 1885 em
816 1820 961 1906 collegio,
977 1819 1021 1885 ad
1042 1843 1137 1884 usum
1151 1830 1185 1886 et
1201 1820 1327 1884 utilita—
1385 1885 1388 1890 .

176 1913 243 1968 tem
267 1905 425 1989 ejusdem,
444 1906 572 2006 integre
587 1909 762 1973 restituam
779 1929 838 1970 seu
860 1906 992 1971 restitui
1012 1907 1140 1985 faciam,
1160 1907 1232 1970 sine
1250 1929 1327 1984 con-

175 1989 370 2057 tradictione
391 2004 425 2057 et
447 1993 664 2058 dimmutione
682 2013 891 2078 quacunque:
913 2015 972 2057 nec
991 1991 1123 2077 aliquod
1141 1991 1328 2079 hujusmodi

173 2077 331 2142 bonorum
346 2078 428 2142 mihi
449 2090 509 2145 aut
525 2080 602 2144 usui
619 2101 691 2144 meo
709 2102 815 2166 appro
837 2079 939 2156 richo,
977 2089 1076 2142 raeter
1090 2099 1129 2142 ea
1148 2101 1220 2160 quae
1234 2077 1326 2158 mihi,

173 2163 431 2262 prohujusmodi
446 2166 547 2230 officio
557 2165 756 2249 exequendo,
767 2166 802 2228 in
811 2102 892 2228 dicti
901 2101 1031 2250 colllegii
1046 2163 1177 2226 statutis
1189 2174 1223 2227 et
1237 2163 1326 2227 ordi·

174 2249 363 2314 natiombus
381 2250 608 2336 disponuntur.
656 2247 942 2336 Item,quodnon'
957 2249 1137 2335 provocabo
1153 2242 1499 2329 {caesaraugust

173 2333 265 2405 iram,
296 2335 416 2410 odium,
446 2336 633 2408 discordias,
663 2335 886 2413 contumelias,
914 2335 1002 2399 rixas
1034 2334 1087 2398 vel
1115 2334 1236 2421 jurgia,
1266 2357 1323 2400 seu
1337 2321 1404 2368 ⁰⁰¹d·

172 2421 407 2504 qualescunque
429 2422 694 2521 comparationes,
710 2444 783 2506 quae
801 2419 919 2484 odiosae
937 2430 1024 2492 sunt,
1041 2420 1141 2485 verbo
1158 2421 1211 2485 vel
1229 2421 1323 2500 facto,

173 2506 259 2570 inter
282 2505 363 2570 dicti
384 2506 512 2606 collegii
534 2508 645 2572 Socios
666 2508 720 2571 uel
742 2506 913 2587 scholares,
940 2528 1092 2592 expresse
1114 2507 1168 2571 vel
1188 2506 1323 2572 occulte.

174 2590 270 2669 Item,
279 2591 366 2674 quod
374 2593 631 2678 compactiones,
645 2592 930 2658 confoederationes
940 2603 998 2657 aut
1008 2593 1173 2678 pactiones
1185 2593 1322 2676 aliquas,
1334 2604 1505 2676 crespinus

139 2675 141 2679 ’
173 2675 295 2740 alicubi
313 2677 401 2741 infra-
418 2701 555 2765 regnum
571 2679 703 2765 Angliae
720 2679 772 2743 vel
794 2689 895 2756 extra,
912 2679 1132 2744 ordinationes
1147 2688 1182 2742 et
1196 2688 1322 2743 statuta
1333 2667 1432 2781 &¹¹⁸3
1442 2662 1499 2709 ⁰⁰¹¹

173 2760 254 2826 dicti
274 2763 404 2851 collegii
418 2765 652 2840 concernentia,
670 2765 724 2828 vel
738 2776 850 2829 contra
863 2764 967 2848 ipsius
981 2763 1113 2849 collegii
1130 2763 1321 2842 utilitatem,

172 2847 373 2914 commodum
389 2861 424 2916 et
436 2850 599 2930 honorem,
622 2851 735 2915 illicite
751 2872 817 2913 non
830 2850 956 2923 faciam,
969 2869 1029 2912 nec
1043 2848 1114 2934 ipsa
1131 2849 1324 2934 procurabo,

171 2955 229 2998 seu
244 2937 435 3021 permittam
447 2938 490 3000 ab
502 2937 577 3002 aliis
585 2937 664 3016 fieri,
673 2944 833 3020 quantum
847 2935 882 2999 in
896 2957 949 3000 me
960 2934 1072 3014 fuerit,
1083 2933 1323 3020 quomodolibet

172 3019 207 3082 in
222 3020 381 3102 futurum,
405 3046 464 3088 seu
485 3023 672 3088 faventibus
689 3023 761 3109 ipsc
779 3021 835 3087 vel
853 3043 967 3086 eorum
990 3017 1125 3104 aliquod
1146 3019 1231 3084 dabo
1245 3042 1322 3085 con·

172 3105 294 3186 silium,
307 3109 468 3173 auxilium
484 3109 538 3173 vel
556 3109 712 3186 favorem,
729 3117 788 3173 aut
805 3108 928 3172 eisdem
947 3108 1104 3172 interesse
1118 3128 1323 3193 prasonem,

172 3212 230 3255 nec
255 3193 334 3277 ipsis
357 3194 562 3278 consentiam
578 3195 632 3259 vel
654 3215 805 3280 expresse
826 3194 880 3259 vel
901 3193 1009 3258 tacite.
1054 3190 1147 3271 Item,
1172 3191 1256 3274 quod
1279 3190 1488 3259 demasonus

171 3279 257 3341 veris
267 3288 301 3342 et
316 3279 482 3365 perpetuis
494 3280 597 3343 Sociis
611 3281 644 3343 in
655 3280 781 3343 dictum
791 3278 966 3366 collegium
978 3277 1137 3364 eligendis
1152 3287 1187 3342 et
1202 3276 1321 3344 admit·
1333 3271 1444 3318 Feuows.

172 3362 277 3428 tendis
293 3364 388 3429 fidele
407 3365 577 3429 consilium
594 3366 746 3443 tribuam,
762 3374 801 3430 ut
816 3367 863 3429 de
872 3364 1020 3451 personis
1038 3363 1146 3438 castis,
1157 3361 1323 3438 modestis,

172 3449 324 3530 honestis,
354 3451 440 3536 aptis
465 3453 505 3514 ad
532 3449 742 3528 studendum,
767 3460 802 3515 et
824 3450 868 3515 ad
890 3448 1122 3536 proficiendum
1139 3449 1175 3512 in
1194 3449 1321 3513 actibus

171 3536 365 3600 scholasticis
387 3535 554 3601 habilibus
575 3546 610 3600 et
631 3536 767 3610 idoneis,
786 3559 824 3600 ac
845 3537 1000 3623 proficere
1016 3535 1211 3614 volentibus,
1221 3542 1322 3620 juxta

170 3620 305 3686 formam
327 3631 523 3688 statutorum
548 3622 685 3708 collegio
713 3622 934 3708 provideatur.
988 3622 1082 3698 Item,
1104 3621 1192 3704 quod
1215 3621 1320 3685 omnia
1331 3641 1508 3690 ouranense

170 3716 297 3773 statuta
321 3719 358 3773 et
378 3709 598 3774 ordinationes
619 3707 715 3796 hujus
739 3709 877 3794 collegii,
901 3730 938 3772 ac
962 3708 1071 3772 omnia
1085 3717 1119 3772 et
1141 3707 1270 3794 singula
1283 3707 1443 3770 inmm-

171 3793 291 3859 eisdem
304 3805 463 3870 contenta,
479 3804 641 3880 quatenus
655 3814 825 3880 personam
844 3815 949 3858 meam
967 3804 1164 3858 concernunt
1178 3794 1230 3857 vel
1244 3813 1321 3857 sona

171 3901 300 3944 cernere
322 3891 490 3967 poterunt,
507 3880 684 3945 secuudum
699 3880 833 3980 planum
849 3889 885 3944 et
901 3879 1065 3946 literalem
1083 3890 1117 3944 et
1131 3879 1321 3965 gmmmati⁴

171 3966 271 4030 calem
286 3989 415 4030 sensum
429 3977 464 4031 et
482 3966 687 4030 intellectum
701 3966 935 4030 mviolabiliter
954 3966 1146 4042 observabo,
1157 3974 1200 4043 et,
1216 3986 1321 4047 quan-

172 4061 242 4115 tum
256 4052 291 4115 in
305 4075 357 4116 me
372 4053 483 4130 merit,
498 4054 541 4117 ab
555 4053 629 4117 aliis
644 4053 809 4117 observari
823 4051 951 4116 faciam.
976 4050 1318 4136 InterpretationibuS,
1331 4081 1447 4128 vastos,
1458 4082 1511 4129 int

169 4159 241 4200 cum
255 4136 530 4203 declarationibus
544 4149 578 4203 et
598 4138 863 4223 expositionibus,
881 4159 941 4224 per
954 4137 1164 4201 visitatorem
1180 4147 1214 4200 et
1228 4135 1322 4200 illius
1330 4141 1473 4200 precationi.

169 4245 371 4299 successores,
385 4224 426 4288 de
441 4235 476 4288 et
494 4247 591 4310 super
609 4223 720 4288 dubiis
737 4233 945 4302 statutorum,
961 4244 1035 4286 curn
1052 4220 1171 4285 effectu-
1186 4222 1321 4307 parebo·

171 4308 266 4379 Item,
283 4310 370 4392 quod
384 4332 448 4374 non
462 4311 643 4396 impetrabo
657 4309 931 4397 dispensationem
949 4308 1091 4390 aliquam
1106 4316 1216 4371 contra
1227 4311 1319 4393 jura·
1331 4320 1496 4380 Dispemu

169 4404 280 4458 menta
302 4418 376 4458 mea
402 4397 569 4495 praedicta,
595 4407 630 4461 et
652 4408 762 4461 contra
786 4395 1011 4459 ordinationes
1035 4403 1069 4458 et
1095 4403 1220 4458 statuta
1239 4378 1395 4457 dictifrom
1405 4380 1470 4432 ⁰²⁰¹·

168 4479 300 4570 collegii
317 4491 376 4546 aut
402 4504 544 4572 ipsorum
559 4481 700 4569 aliquod.
748 4483 843 4560 Juro,
861 4481 1014 4572 denique,
1029 4479 1119 4565 quod
1132 4499 1236 4566 neque
1250 4490 1448 4584 raa-oi*
