3022 4874
617 268 723 352 Royol
740 265 894 332 Charterr.
1278 272 1321 339 27

172 447 336 518 scholares
352 445 383 507 in
398 445 490 508 dictis
509 443 605 506 literis
624 444 685 506 suis
705 445 881 527 patentibus
896 443 1055 520 nominati,
1070 468 1124 508 seu
1139 446 1238 530 major
1252 467 1324 528 pars

173 533 351 608 eorundem,
377 530 455 594 alios
484 542 553 594 octo
578 529 686 594 Socios
712 540 742 592 et
768 530 846 593 alios
876 543 946 594 octo
976 531 1138 602 scholares,
1163 532 1195 594 in
1220 533 1323 594 forma

172 619 289 682 ibidem
313 617 437 681 inferius
458 616 645 701 specificata,
661 615 831 702 elegissent,
845 617 906 679 sibi
923 618 997 702 ipsis
1015 618 1174 682 addendos
1188 627 1221 681 et
1235 639 1322 680 asso·

173 704 317 783 ciendos;
339 718 370 766 et
385 715 550 788 postquam
565 703 660 766 iidem
679 702 873 787 Principalis,
890 715 957 767 octo
981 703 1118 767 Sociiet
1140 715 1208 768 octo
1232 703 1321 767 scho-

174 790 264 864 lares,
280 790 409 854 indictis
431 789 528 852 literis
551 789 726 874 patentibus
745 790 902 864 nominati,
917 787 964 851 vel
985 793 1086 872 major
1110 813 1184 874 pars
1203 811 1322 869 eorum,

173 876 250 939 alios
272 887 341 940 octo
368 876 473 942 Socios
495 887 527 938 et
549 875 627 938 alios
650 885 719 938 octo
742 875 896 938 scholares
920 876 1074 960 sibiipsis
1097 877 1265 953 addendos,
1290 889 1324 937 ut

172 963 343 1046 praefertur,
357 963 533 1049 elegissent,
554 973 627 1025 tunc
651 962 690 1024 de
713 982 775 1024 uno
795 960 972 1044 Principali,
992 974 1022 1024 et
1044 964 1200 1026 sexdecim
1225 962 1323 1026 Sociis

172 1060 203 1110 et
226 1050 384 1112 sexdecim
405 1049 612 1120 scholaribus,
641 1059 745 1110 tenore
770 1048 927 1110 dictarum
953 1047 1113 1110 literarum
1136 1049 1321 1133 patentium,

173 1134 295 1198 realiter
310 1137 350 1198 ad
369 1136 497 1219 plenum
518 1135 632 1198 ibidem
657 1134 851 1206 ordinaverit,
867 1135 1067 1206 constituerit,
1083 1135 1277 1197 ratificavorit
1291 1145 1323 1197 et

74 1277 75 1280 ,
172 1220 365 1298 stabiliverit,
380 1224 532 1305 perpetuis
551 1220 661 1283 futuris
674 1221 864 1304 temporibus
878 1220 1073 1294 duraturum,
1089 1229 1122 1285 et
1136 1221 1178 1284 sic
1192 1221 1321 1284 stabiliri
1407 1275 1410 1280 .

173 1316 205 1367 et
237 1308 463 1392 imperpetuum
500 1306 721 1370 inviolabiliter
754 1307 908 1368 observari
942 1306 1072 1368 voluerit
1107 1316 1142 1372 et
1175 1308 1320 1390 jusserit,

173 1393 359 1479 dictumque
382 1393 545 1480 collegium
573 1393 751 1477 Collegium
774 1391 852 1454 Jesu
876 1393 953 1454 inira
989 1393 1142 1455 civitatem
1177 1405 1208 1454 et
1241 1391 1322 1456 Uni-

172 1480 349 1542 versitatem
376 1479 509 1542 Oxoniae
532 1501 570 1539 ex
593 1478 770 1540 fundatione
801 1476 932 1562 Reginae
951 1475 1158 1552 Elimbethae,
1188 1477 1322 1564 Anglice

172 1587 251 1636 vero,
266 1568 360 1630 Jesus
378 1565 514 1649 Colledpe
535 1566 643 1627 within
666 1565 715 1626 tlte
738 1564 800 1647 city
819 1565 885 1627 ond
903 1563 1079 1647 Univcrrity
1093 1568 1133 1648 of
1145 1563 1274 1648 Oaford,
1290 1573 1331 1651 of

177 1652 278 1728 Quaen
292 1652 482 1715 Elizaberl’s
486 1651 686 1732 foundation,
697 1649 789 1732 juxta
803 1649 934 1711 formam
950 1659 980 1711 et
995 1648 1148 1722 effectum,
1163 1661 1192 1711 et
1212 1672 1322 1714 secun·

172 1737 251 1798 dum
278 1758 382 1799 veram
411 1736 621 1815 intentionem,
641 1735 795 1800 dictarum
824 1734 986 1798 literarum
1015 1736 1189 1819 patentium
1217 1738 1322 1822 primo

172 1824 388 1902 recitatorum,
405 1823 637 1906 imperpetuum
651 1822 812 1894 nominari,
827 1823 998 1907 nuncupari
1014 1833 1045 1884 et
1058 1823 1173 1901 vocari,
1187 1825 1321 1889 voluerit

171 1919 202 1970 et
217 1910 384 1973 decreverit
402 1931 460 1993 per
480 1909 604 1972 easdem
631 1909 737 1972 literas
761 1920 907 1992 patentes.
952 1908 1093 1971 Voluerit
1118 1911 1213 1972 etiam
1240 1913 1321 1974 ordi·

172 1995 296 2067 naverit,
318 1995 522 2059 declaraverit
544 2005 574 2057 et
597 1995 750 2074 statuerit,
774 1995 858 2057 idem
883 2017 981 2079 nuper
1005 1995 1076 2058 Rex
1090 1995 1238 2075 Jacobus,
1264 2020 1322 2082 per

171 2083 271 2146 dictas
296 2080 402 2145 literas
428 2105 502 2145 suas
529 2093 683 2166 patentes,
707 2081 792 2165 quod
814 2093 981 2165 postquam
1005 2081 1145 2165 praedicti
1172 2093 1240 2146 octo
1266 2083 1320 2145 alii

171 2168 259 2230 Socii
273 2177 303 2230 et
319 2180 388 2231 octo
403 2169 458 2230 alii
471 2166 624 2231 scholares
638 2168 836 2253 eligerentur,
853 2177 885 2227 et
899 2166 1052 2249 prioribus
1073 2177 1143 2228 octo
1168 2166 1268 2230 Sociis
1290 2182 1321 2232 et

170 2266 240 2316 octo
265 2253 461 2316 scholaribus
490 2254 686 2323 adderentur,
710 2264 744 2313 ut
768 2250 988 2335 supradictum
1012 2262 1066 2323 est,
1091 2263 1208 2314 extunc
1233 2253 1319 2316 Prin·

57 2329 62 2337 ⁴
170 2339 291 2424 cipalis,
307 2352 336 2402 et
351 2339 509 2402 sexdecim
526 2337 612 2401 Socii
625 2347 657 2400 st
674 2337 829 2399 sexdecim
853 2335 1017 2416 scholares,
1035 2350 1136 2400 essent
1160 2350 1190 2401 et
1212 2340 1319 2421 forent,

170 2428 209 2488 de
225 2448 256 2488 se
271 2436 303 2486 et
317 2426 349 2488 in
363 2447 396 2487 re
411 2434 442 2486 et
460 2424 595 2495 nomine,
619 2445 716 2485 unum
737 2444 847 2505 corpus
869 2434 1069 2508 corporatum
1093 2435 1122 2486 et
1146 2425 1319 2508 politicum,

170 2511 384 2592 haberentque
421 2509 647 2571 successionem
684 2520 865 2592 perpetuam
898 2530 953 2592 per
981 2531 1094 2573 nomen
1124 2510 1320 2596 Principalis,

172 2595 337 2657 Sociorum
363 2606 393 2657 et
417 2593 610 2656 scholarium
634 2593 770 2678 Collegii
797 2595 875 2657 Jesu
900 2598 980 2658 infra
1004 2596 1161 2660 civitatem
1185 2610 1218 2660 et
1243 2598 1319 2663 Uni-

171 2681 344 2743 versitatem
362 2681 507 2758 Oxoniae,
530 2701 568 2742 ex
591 2681 767 2743 fundatione
783 2680 913 2766 Reginae
933 2682 1136 2757 Elisabethae3
1158 2697 1250 2766 prout
1264 2707 1322 2768 per

171 2767 270 2830 dictas
293 2765 452 2850 separales
476 2766 621 2829 recitatas
646 2767 753 2828 literas
774 2776 912 2850 patentes
938 2767 1038 2849 (inter
1060 2768 1125 2829 alia
1146 2769 1178 2829 in
1203 2769 1319 2832 eisdem

170 2864 323 2924 contenta,
340 2851 487 2914 relatione
501 2852 574 2914 inde
589 2852 707 2934 habita)
731 2851 850 2936 plenius
869 2851 969 2934 liquet
987 2863 1017 2914 et
1033 2865 1175 2935 apparet.
1220 2853 1321 2918 Cum·

171 2962 233 3023 que
254 2940 393 3024 praedicti
412 2938 612 3024 Principalis,
635 2937 723 3004 Socii
744 2949 775 3002 et
796 2937 962 3017 scholares,
983 2938 1072 3001 Colle
1095 2939 1116 3000 ii
1140 2938 1219 3002 Jesu
1243 2941 1321 3004 infra

171 3026 331 3088 civitatem
348 3037 379 3088 et
395 3025 633 3090 Universitatem
650 3024 793 3103 oxoniae,
808 3048 846 3086 ex
866 3025 1046 3088 fundatione
1064 2964 1198 3111 lieginae
1215 3026 1320 3090 Elisa-

170 3110 283 3189 bethae‚
313 3134 369 3195 per
397 3111 582 3195 petitionem
610 3133 713 3191 suam,
732 3113 817 3176 nobis
852 3110 1015 3173 humiliter
1044 3115 1320 3196 representaverint

171 3199 255 3281 quod
270 3196 422 3260 Leolinus
436 3197 579 3276 Jenkins,
594 3198 698 3274 miles,
719 3219 802 3260 unus
824 3197 1068 3261 Secretariorum
1092 3197 1320 3262 Primariorum

171 3305 270 3366 nuper
296 3282 395 3369 Regis
421 3282 531 3344 Caroli
557 3282 704 3361 Secundi,
735 3306 790 3365 per
818 3294 1038 3346 testamentum
1069 3297 1099 3345 et
1130 3283 1319 3349 voluntatem

172 3391 277 3447 suam,
301 3381 457 3454 gerentem
486 3366 622 3454 [datam]
651 3367 841 3431 duodecimo
871 3369 923 3430 die
948 3369 1052 3448 Junii,
1082 3391 1160 3432 anno
1187 3371 1320 3434 Domini

171 3455 342 3518 millesimo
365 3455 592 3517 sexcentesimo
616 3466 646 3515 et
665 3454 858 3539 octogesimo
879 3455 1000 3537 quinto,
1022 3455 1207 3519 devisaverit
1229 3457 1319 3520 Prin-

171 3541 280 3624 cipali,
297 3540 402 3604 Sociis
422 3551 451 3602 et
470 3540 675 3613 scholaribus,
697 3540 826 3626 collegii
848 3539 1004 3625 praedicti,
1028 3553 1059 3602 et
1083 3544 1320 3607 successoribus

170 3627 251 3706 suis,
267 3627 406 3689 diversas
422 3638 520 3688 terras
543 3637 575 3689 et
597 3637 772 3689 tenemento
796 3628 838 3688 ad
861 3627 929 3709 pios
949 3627 1131 3705 usus,·infra
1150 3627 1229 3691 colle
1254 3632 1320 3693 ium

171 3722 205 3778 et
218 3713 299 3776 alibi
308 3736 317 3788 ;
334 3725 364 3776 et
377 3713 549 3797 praedictus
568 3712 714 3776 Leolinus
729 3711 874 3790 Jenkins,
886 3710 993 3774 volens
1008 3711 1100 3797 (inter
1114 3714 1190 3798 alia)
1247 3715 1320 3779 dere

171 3822 302 3862 numero
316 3801 479 3862 Sociorum
494 3809 525 3862 et
540 3797 733 3861 scholarium
757 3797 840 3858 inira
863 3797 1033 3884 collegium
1056 3798 1160 3880 illum,
1177 3801 1321 3865 direxerit

170 3898 349 3949 executores
373 3907 447 3948 suos
470 3907 526 3969 per
548 3884 728 3968 petitionem
755 3884 881 3946 domino
906 3884 991 3970 Regi
1016 3887 1210 3969 supplicare,
1237 3892 1320 3970 quod

169 3972 307 4058 gratiose
325 3973 491 4034 concedere
512 3982 542 4033 et
564 3969 761 4032 authorizare
781 3969 913 4031 voluerit
935 3970 1021 4053 quod
1043 3973 1106 4033 duo
1131 3972 1204 4036 novi
1226 3974 1320 4036 addi-

170 4057 302 4120 tionales
326 4056 389 4120 loci
411 4056 588 4136 Sociorum,
617 4054 752 4140 Anglice
777 4057 982 4142 Fellowships,
1013 4056 1137 4118 fundati
1165 4068 1198 4120 et
1220 4060 1342 4122 dotati'

170 4155 272 4206 essent
287 4142 434 4226 expensis
455 4143 524 4206 suis
541 4142 675 4204 indicto
693 4141 848 4227 collegi03
872 4153 913 4221 et,
929 4165 1002 4204 cum
1017 4141 1163 4224 praedicti
1178 4143 1242 4206 duo
1257 4146 1321 4207 loci

172 4229 349 4305 Sociorum,
372 4229 510 4328 Anglice
534 4231 741 4314 Fellowsltrpq
767 4228 868 4290 forent
892 4227 1058 4290 actualiter
1081 4228 1212 4308 fundati,
1237 4234 1322 4313 quod

170 4326 246 4377 tunc
264 4316 327 4378 duo
342 4317 381 4377 de
398 4317 503 4378 tribus
524 4312 781 4377 exhibitionariis
804 4337 825 4376 a
848 4313 959 4378 schola
983 4313 1212 4400 Cowbrigiensi
1236 4319 1322 4400 (quoe

171 4420 228 4481 per
251 4401 395 4463 ultimam
422 4401 608 4464 voluntatem
636 4421 728 4462 suam
751 4399 936 4483 praedictam
955 4400 1045 4483 prius
1070 4399 1193 4462 fundari
1214 4401 1323 4468 direx·

169 4484 261 4574 isset)
291 4483 510 4573 reputarentur
535 4487 598 4551 duo
625 4486 696 4552 novi
721 4485 933 4552 additionales
960 4486 1120 4551 scholares
1147 4486 1228 4550 dicti
1256 4489 1324 4559 ool.
1378 4512 1436 4588 Δ
