3022 4874
633 265 739 346 Royal
756 261 910 327 Chorters.
1294 263 1338 327 23

177 439 289 505 omnia
303 451 337 504 et
351 437 481 525 singula
495 437 663 526 praemissa
676 460 903 524 praeoonoessa,
924 461 997 503 cum
1012 439 1230 524 pertinentiis,
1250 463 1334 526 prae-

178 526 255 591 fatis
269 525 455 609 Principali,
471 525 570 590 Sociis
579 535 612 590 et
622 525 829 603 scholaribus,
842 535 875 590 et
890 525 1124 591 successoribus
1137 526 1205 591 suis
1214 525 1332 612 imper·

177 623 336 698 petnum;
359 611 500 677 tenenda
514 611 555 675 de
585 612 688 690 nobis,
704 610 891 676 haeredibns
906 623 941 677 et
954 610 1189 676 successoribus
1204 613 1332 692 nostris,

178 699 212 761 in
226 698 373 777 liberam,
391 720 508 784 puram
523 707 557 762 et
572 708 765 783 perpetuam
779 698 1017 763 eleemosinam.
1063 697 1113 763 Et
1126 698 1274 776 ulterius,
1289 700 1332 763 dc

177 784 323 849 uberiori
336 784 445 871 gratia
462 794 582 862 nostra,
598 807 639 848 ex
660 795 749 849 certa
769 784 905 849 scientia
927 795 961 849 et
982 805 1070 850 mero
1092 794 1182 849 motu
1202 785 1331 864 nostris,

176 871 339 950 volumus,
355 881 389 934 et
435 893 471 935 ro
493 871 588 936 nobis
609 869 796 936 haeredibus
817 881 851 936 et
872 870 1108 936 successoribus
1123 870 1241 935 nostris
1256 895 1330 936 con-

147 1003 151 1010 ·
175 955 320 1022 cedimus
339 893 487 1044 praelatis
503 957 695 1043 Principali,
712 958 812 1021 Sociis
826 968 861 1023 et
874 956 1082 1026 scholaribus,
1098 956 1231 1044 collegii
1244 980 1329 1045 prae·

175 1042 259 1106 dicti
271 1053 307 1108 et
327 1043 563 1109 successoribus
584 1044 660 1122 suis,
676 1044 765 1131 quod
786 1043 851 1131 ipsi
874 1043 1003 1131 praefati
1026 1042 1230 1129 Principalis,
1246 1045 1330 1108 Socii

175 1138 209 1193 et
234 1129 406 1206 scholares,
429 1130 556 1217 collegii
578 1129 739 1217 praedicti,
763 1140 798 1195 et
821 1152 935 1195 eornm
956 1151 1160 1208 successores,
1176 1128 1328 1209 habeant,

175 1223 308 1280 teneant
334 1226 367 1281 et
389 1216 565 1303 gaudeant,
582 1228 616 1282 et
636 1216 765 1291 habere,
781 1227 893 1282 tenere
909 1215 1119 1302 et'gaudere,
1142 1215 1273 1280 valeant
1295 1228 1329 1282 et

111 1376 114 1381 y
175 1302 310 1385 possint,
326 1303 435 1367 omnia
457 1314 492 1368 et
515 1303 646 1390 singula
660 1304 816 1382 maneria,
836 1313 949 1381 terras,
965 1312 1160 1375 tenementis,
1177 1302 1328 1367 redditus

175 1398 210 1451 et
225 1387 507 1462 haereditamenta,
524 1398 558 1454 et
572 1389 654 1453 alias
672 1412 723 1454 res
744 1411 963 1472 quascunque,
980 1411 1040 1475 per
1053 1410 1112 1452 nos
1128 1388 1180 1452 vel
1202 1388 1329 1470 aliquos
1363 1417 1368 1426 ¹

174 1474 427 1558 praedecessores
441 1485 575 1552 nostros,
592 1475 647 1539 vel
668 1497 727 1559 per
747 1474 1008 1558 aliquam'aliam
1021 1473 1091 1538 sive
1107 1473 1233 1557 aliquas
1247 1475 1330 1540 alias

174 1580 336 1643 personas,
356 1560 538 1645 Principali,
554 1559 654 1624 Sociis
667 1571 703 1626 et
718 1560 926 1640 scholaribus,
943 1559 1091 1646 ejusdem
1110 1559 1252 1647 collegii,
1270 1583 1329 1646 per

173 1644 302 1728 aliquas
315 1645 428 1711 literas
441 1655 593 1731 patentes
607 1646 675 1710 sive
690 1645 827 1725 chartas,
843 1646 910 1711 sive
925 1667 1037 1711 eorum
1053 1646 1190 1729 aliquas,
1201 1646 1280 1712 data
1295 1657 1329 1712 et

173 1752 327 1810 concessa,
342 1754 402 1796 seu
417 1732 620 1797 mentionata
639 1733 707 1797 fore
730 1732 810 1797 data
832 1743 868 1797 et
890 1754 1045 1809 concessa,
1061 1732 1096 1796 in
1119 1742 1187 1795 tam
1211 1732 1329 1819 amplis

173 1816 269 1881 modo
283 1828 318 1882 et
332 1817 434 1882 forma
448 1828 547 1903 prout
560 1840 619 1905 per
633 1819 761 1904 aliquas
770 1819 852 1883 tales
859 1819 973 1884 literas
982 1827 1133 1904 patentes
1142 1827 1176 1882 et
1184 1817 1327 1899 chartas,

173 1925 231 1966 sen
246 1926 359 1968 earum
372 1905 500 1988 aliquas
514 1905 565 1969 vel
585 1906 738 1988 aliquam,
754 1905 985 1982 conceduntur,
1000 1926 1059 1968 sen
1081 1904 1328 1970 mentionantur

172 1989 240 2053 fore
254 1990 333 2054 data
347 1991 414 2055 sive
430 2014 587 2057 concessa.
632 1993 678 2057 Et
699 1992 850 2070 ulterius,
867 1991 909 2056 de
925 1991 1069 2056 uberiori
1084 1992 1191 2076 gratia
1204 2002 1325 2070 nostra,

173 2075 335 2155 volumus,
349 2101 395 2152 ac,
411 2101 471 2164 pro
487 2078 589 2158 nobis,
605 2077 792 2143 haeredibns
806 2088 841 2143 et
860 2077 1096 2142 successoribus
1118 2077 1244 2148 nostris,
1267 2101 1328 2162 per

170 2175 348 2247 praesentas
369 2164 572 2228 concedimus
594 2164 738 2251 praefatis
752 2163 939 2248 Principali,
956 2161 1056 2226 Sociis
1068 2173 1101 2226 et
1116 2162 1325 2229 scholaribus.

172 2249 298 2335 collegii
333 2249 493 2336 praedicti,
530 2261 563 2314 et
598 2249 831 2314 successoribus
877 2248 954 2327 suis,
985 2246 1074 2333 quod
1103 2248 1326 2314 Cancellarius

174 2334 407 2402 Universitatis
429 2334 545 2401 nostras
568 2335 772 2412 Oxouiensis,
795 2356 853 2398 seu
868 2333 1158 2398 Vicecancellarius
1181 2334 1327 2421 ejusdem

171 2442 231 2505 pro
245 2431 391 2506 tempore
406 2422 558 2493 existens,
576 2421 601 2484 J
601 2419 742 2485 ohannes
757 2421 886 2484 Bennet
906 2419 1010 2499 miles,
1026 2419 1227 2485 Willielmus
1242 2422 1326 2485 Bird

172 2505 275 2584 miles,
302 2506 414 2593 legum
440 2507 573 2585 Doctor,
603 2507 761 2592 praefatus
791 2505 942 2571 Eubulus
972 2505 1135 2572 Thelwall
1156 2507 1260 2586 miles,
1291 2519 1325 2572 et

172 2589 365 2656 Theodorus
381 2593 476 2656 Price
490 2614 590 2658 sacrae
606 2592 716 2657 theolo
740 2593 781 2657 iae
794 2592 963 2678 professor,
979 2603 1038 2657 aut
1051 2593 1155 2676 aliqui
1178 2604 1245 2658 tres
1266 2617 1325 2658 seu

171 2676 283 2760 plnres
297 2700 420 2756 corum,
432 2679 623 2744 habeantet
636 2617 807 2742 habebunt
820 2679 950 2764 plenam
964 2689 1172 2763 potestatem,
1184 2680 1325 2744 auctori-

168 2772 276 2827 tatem
285 2771 318 2827 et
327 2763 527 2840 facultatem,
540 2763 709 2842 condendi,
720 2763 949 2843 constituendi,
965 2764 1146 2844 ordinandi,
1159 2765 1326 2829 sanciendi

171 2859 205 2912 et
231 2849 429 2930 stabiliendi,
444 2849 487 2916 de
512 2860 658 2950 tempore
682 2851 715 2914 in
742 2862 881 2935 tempus,
905 2850 1091 2935 hujusmodi
1112 2850 1214 2937 leges,
1237 2856 1323 2936 jura,

165 2935 406 3019 jurisdictiones
428 2946 463 3003 et
485 2937 741 3018 const1tutiones,
770 2959 846 3023 quae
867 2936 924 3016 eis,
939 2946 998 3002 aut
1019 2935 1184 3020 aliquibus
1206 2937 1323 3016 tribus,
1346 2984 1348 2987 -

171 3021 225 3084 vel
238 3023 390 3107 pluribus
405 3046 526 3104 eorum,
542 3035 581 3088 ut
594 3024 778 3110 praefertur,
793 3024 888 3101 bona,
903 3022 1058 3101 salubria,
1069 3023 1176 3102 utilia,
1186 3022 1325 3088 honesta

170 3116 205 3171 ct
225 3109 410 3188 necessaria,
422 3116 520 3196 juxta
534 3133 630 3174 sanas
649 3133 769 3189 eorum,
785 3109 853 3174 sive
869 3110 1055 3192 aliquorum
1065 3110 1164 3173 trium
1178 3109 1232 3174 vel
1246 3110 1323 3194 plu·

170 3191 258 3255 rium
272 3217 392 3273 eorum,
408 3196 626 3275 discretiones,
638 3196 850 3274 videbuntur,
865 3218 925 3281 pro
940 3194 1109 3274 electione,
1124 3195 1217 3260 bonis
1237 3197 1324 3284 regi-

170 3278 258 3343 mine
273 3291 307 3346 et
321 3281 569 3367 gubernatione,
585 3281 785 3366 Principalis,
800 3281 965 3346 Sociorum
981 3292 1017 3346 et
1028 3282 1224 3346 scholarium
1238 3306 1323 3369 prae·

170 3364 344 3442 dictorum,
358 3376 393 3431 et
405 3367 549 3431 omnium
570 3377 605 3432 et
626 3367 828 3452 singulorum
851 3367 1078 3432 officiariorum
1100 3368 1323 3434 ministrorum

170 3451 300 3538 collegii
320 3451 471 3538 praedicti
493 3475 551 3539 pro
567 3463 713 3539 tempore
732 3453 953 3532 existentium,
970 3477 1007 3518 ac
1029 3476 1089 3539 pro
1103 3454 1322 3521 declaratione

171 3560 235 3620 quo
250 3537 346 3603 modo
361 3549 396 3604 et
411 3539 523 3603 ordine
535 3538 684 3624 praedicti
699 3539 901 3625 Principalis,
917 3540 1002 3605 Socii
1016 3550 1051 3604 et
1065 3540 1236 3622 scholares,
1252 3543 1321 3606 offi-

170 3623 261 3688 ciarii
282 3636 317 3690 et
339 3625 480 3691 ministri
501 3625 631 3713 collegii
652 3625 752 3705 illius,
775 3626 810 3690 in
825 3626 1055 3705 functionibus,
1078 3627 1268 3692 ministeriis
1288 3639 1323 3692 et

170 3711 309 3797 negotiis
322 3713 399 3791 suis,
415 3712 500 3776 infra
518 3711 692 3799 collegium
706 3712 898 3797 praedictum
912 3735 950 3776 ac
960 3713 1148 3779 libertatern
1163 3713 1320 3799 ejusdem,

170 3817 229 3881 pro
246 3806 391 3883 tempore
415 3798 601 3877 existentes,
621 3821 691 3862 sese
715 3797 895 3878 habebunt,
918 3809 1035 3885 gerent
1060 3822 1096 3864 ac
1119 3808 1266 3878 utentur,
1285 3822 1322 3862 ac

169 3901 230 3964 pro
244 3884 328 3948 bono
342 3885 482 3969 publico,
498 3884 660 3950 communi
685 3884 841 3963 utilitate,
858 3894 892 3949 et
907 3884 1033 3948 meliori
1058 3886 1320 3971 praeservatione,

168 3969 417 4053 gubernatione,
430 3971 652 4057 dispositione,
667 3970 836 4049 locatione,
846 3970 1033 4034 dimissione
1047 3980 1219 4051 terrarum,
1236 3982 1322 4036 tene·

169 4065 363 4135 mentorum,
389 4058 633 4143 pomessionum‚
657 4056 881 4121 reventionum
908 4066 944 4120 et
968 4055 1321 4126 haereditamentorum‚

170 4139 291 4205 eisdem
313 4142 499 4229 Principali,
523 4143 622 4208 Sociis
647 4154 682 4207 et
703 4142 903 4207 scholaribus
928 4151 962 4206 et
985 4144 1222 4208 successoribus
1244 4143 1320 4222 suis,

169 4225 331 4306 datorum,
347 4251 565 4294 concessorum
579 4230 647 4295 sive
662 4230 909 4316 assignatorum,
925 4228 992 4293 sive
1006 4227 1218 4313 imposterum
1240 4228 1321 4293 dan·

170 4310 296 4391 dorum,
312 4314 588 4380 concedendorum
602 4316 655 4380 vel
669 4315 946 4401 assignandorum,
961 4323 997 4379 et
1011 4313 1150 4378 aliarum
1162 4337 1272 4380 rerum
1287 4326 1322 4380 et

170 4419 339 4462 causarum
361 4423 630 4487 quarumcunque
649 4401 824 4489 collegium
845 4400 1036 4487 praedictum
1058 4402 1266 4489 tangentium
1289 4401 1322 4465 in

169 4483 281 4568 aliquo
290 4485 358 4551 sive
367 4489 639 4554 concernentium.
678 4490 723 4554 Et
734 4487 931 4575 ulterius,da
941 4488 1051 4575 gratia
1061 4500 1172 4556 nostra
1180 4488 1323 4576 speciali,
1377 4556 1424 4596 a
