3022 4874
608 212 714 294 Royul
732 208 884 275 Oltmtcrs.
1292 211 1330 278 17

172 393 310 458 Gabriel
326 392 506 470 Goodman,
529 389 649 456 adtunc
664 392 814 456 Decanus
829 391 982 456 Ecclesiae
1005 391 1197 480 Collegiatae
1213 390 1327 456 Sancti

172 479 264 545 Petri
273 477 636 557 Westmonasteriensis
647 478 848 543 Willielmus
860 480 1027 565 Awberey,
1038 479 1203 543 Henricus
1215 477 1238 542 J
1241 500 1325 551 ones,

169 566 335 630 iohannes
345 565 460 653 Lloyd,
471 579 502 628 et
511 565 668 664 praefatus
682 565 871 628 Franciscus
883 564 1022 643 Bevans,
1032 565 1142 651 legum
1154 566 1324 640 Doctores,

169 663 204 717 et
228 651 391 716 Ricardus
418 651 565 729 Hamas,
582 651 703 714 artium
730 651 900 738 Magister,
922 662 959 716 et
974 650 1116 737 Collegii
1130 650 1228 715 Aenii
1243 649 1327 714 Nasi

170 737 258 802 infra
283 737 544 802 Universitatem
570 737 788 801 Oxoniensem
811 737 933 802 adtunc
959 735 1164 824 Principalis,
1191 745 1225 801 et
1251 734 1326 821 qui-

170 845 299 910 cunque
324 833 392 888 tres
418 836 477 889 aut
503 823 614 909 plures
637 845 761 903 eorum,
788 823 948 888 haberent
967 822 1096 910 plenam
1117 831 1323 910 potestatem,

170 910 394 975 auctoritatem
414 920 452 975 et
474 909 673 985 facultatem,
699 909 868 985 condendi,
891 908 1120 985 constituendi,
1144 907 1325 986 ordinandi,
1397 954 1400 961 -

170 995 340 1061 sanciendi
355 1007 388 1060 et
403 995 603 1070 stabiliendi,
614 996 656 1059 de
667 1004 813 1082 tempore
828 996 862 1059 in
871 1006 1011 1082 tempus,
1023 995 1210 1082 hujusmodi
1224 995 1255 1058 le
1281 1017 1325 1073 es,

171 1082 333 1162 instituta,
355 1088 455 1231 gnra,
482 1081 703 1146 ordinationes
732 1091 766 1146 et
796 1082 1054 1160 constitutiones,
1093 1105 1168 1168 quae
1205 1019 1325 1145 eisdem

170 1168 328 1248 Johanni,
383 1168 561 1246 hristofem,
585 1167 763 1232 Willielmo
785 1169 915 1232 domino
944 1171 1010 1232 Bur
1032 1168 1119 1255 hley,
1145 1169 1325 1245 Herbcrt0,

173 1193 1040 1330 Cancellariavicecancellariofiilberto,Johanniil

172 1341 348 1405 Willielmo
364 1341 531 1428 Awberey,
544 1339 701 1418 Henrico,
712 1341 734 1404 J
736 1340 858 1404 ohanni
868 1339 987 1427 Lloyd,
999 1341 1168 1404 Francisco
1185 1341 1325 1410 Bevans,

171 1436 206 1491 et
223 1428 364 1492 Ricardo
376 1426 521 1500 Harries,
533 1435 591 1490 aut
624 1427 849 1513 uibuscunque
860 1427 967 1491 tribus
977 1440 1036 1492 aut
1044 1427 1194 1514 pluribus
1203 1449 1327 1504 eorum,

172 1524 212 1579 ut
226 1513 411 1600 praefertur,
428 1515 522 1585 bona,
537 1450 695 1584 saldbria
711 1513 817 1593 utilia,
830 1513 969 1577 honesta
978 1525 1012 1578 et
1027 1512 1218 1586 neccssaria,
1228 1519 1327 1599 juxta

172 1621 286 1664 eorum
311 1622 406 1664 sanas
429 1599 637 1664 discretiones
660 1601 729 1664 fore
753 1599 954 1670 viderentur,
970 1622 1030 1686 pro
1048 1599 1214 1677 electione,
1234 1599 1327 1663 bonis

173 1684 334 1772 regimine
353 1695 385 1750 et
400 1685 646 1773 gubernatione,
672 1684 870 1770 Principalis,
895 1685 1063 1750 Sociorum
1081 1696 1114 1749 et
1131 1684 1324 1749 scholarium

172 1771 412 1858 praedictorum,
428 1794 464 1835 ac
487 1772 635 1837 omnium
649 1783 679 1836 et
695 1771 898 1858 singulorum
919 1771 1143 1835 officiariorum
1163 1771 1327 1834 ministro-

172 1880 247 1921 rum
273 1857 401 1945 collegii
405 1858 565 2008 (praedicti
579 1880 640 1944 pro
655 1868 803 1956 tempore
817 1858 1040 1936 existentium,
1057 1867 1091 1922 et
1106 1880 1166 1943 pro
1181 1857 1325 1921 declara-

174 1943 263 2019 tione
274 1967 404 2030 quomo
428 1955 490 2010 oet
500 1944 614 2009 ordine
629 1944 779 2030 praedrcti
796 1944 998 2031 Principalis,
1009 1943 1093 2008 Socii
1107 1953 1143 2008 et
1157 1943 1326 2023 scholares

172 2051 210 2094 ac
220 2031 332 2095 caeteri
347 2030 488 2095 ministri
503 2044 536 2095 et
552 2031 697 2095 officiarii
706 2031 834 2117 collegii
848 2031 938 2096 illius
952 2031 986 2093 in
1000 2029 1229 2099 functionibus,
1241 2030 1324 2093 min·

173 2115 291 2182 isteriis
303 2128 337 2182 et
346 2117 485 2203 negotiis
497 2117 572 2196 suis,
583 2118 667 2182 infra
681 2117 854 2203 collegium
870 2116 1075 2202 praedictum,
1087 2138 1124 2179 ac
1138 2115 1327 2181 libertatem

174 2203 329 2293 ejusdem,
348 2226 407 2291 pro
431 2213 578 2290 tempore
598 2204 783 2282 existentes,
805 2226 873 2268 sese
892 2203 1071 2282 habebunt,
1088 2213 1123 2267 et
1145 2212 1269 2288 gerent,
1290 2224 1326 2265 ac

173 2299 318 2370 utentur,
346 2312 384 2354 ac
407 2289 502 2354 aliter
526 2312 586 2375 pro
611 2291 697 2353 bono
718 2290 859 2376 publico,
880 2300 914 2353 et
937 2288 1100 2352 communi
1122 2287 1271 2353 utilitate
1293 2299 1328 2353 et

174 2375 259 2441 bono
273 2375 434 2474 regimine
451 2375 583 2462 collegii
594 2376 753 2462 praedicti,
765 2399 802 2440 ac
813 2398 872 2463 pro
882 2374 1113 2441 victualatione
1124 2374 1280 2461 ejusdem,
1291 2397 1328 2438 ac

173 2481 233 2546 pre
247 2461 375 2525 meliori
389 2463 651 2548 praeservatione‚
665 2463 912 2549 gubernatione,
923 2462 1142 2561 dispositione,
1155 2461 1326 2539 locatione,

175 2545 361 2610 dimissione
372 2558 543 2621 terrarum,
560 2559 828 2628 tenementorum,
844 2571 1090 2635 possessionum,
1104 2547 1327 2612 reventionum

174 2641 211 2696 ct
221 2631 574 2705 haereditamentorum,
588 2634 710 2700 eisdem
723 2635 910 2723 Principali‚
926 2635 1024 2700 Sociis
1036 2644 1070 2698 et
1079 2633 1280 2698 scholaribus
1295 2644 1329 2697 et

176 2717 408 2783 successoribus
419 2719 495 2790 suis,
508 2718 671 2800 datorum,
685 2743 908 2786 concessorum
923 2721 992 2784 sive
1008 2720 1253 2806 assignatorum,
1269 2730 1328 2783 aut

176 2803 389 2891 imposterum
407 2804 599 2886 dandorum,
619 2807 894 2873 concedendorum
917 2807 971 2871 vel
993 2805 1274 2892 assignandorum
1292 2827 1328 2869 ac

174 2913 286 2958 rerum
317 2900 351 2956 et
378 2891 517 2956 aliarum
543 2915 713 2958 causarum
738 2916 1007 2980 quarumcunque
1033 2892 1208 2978 collegium
1239 2914 1327 2976 prae·

130 2990 136 2997 '
176 2977 312 3052 dictum,
327 2988 461 3058 statum,
470 2984 527 3065 jus
542 2994 575 3044 et
590 2981 754 3059 interesse,
771 2981 914 3065 ejusdem
932 2979 1061 3066 collegii
1074 2977 1283 3064 tangentium
1294 2977 1327 3039 in

175 3061 289 3146 aliquo
313 3086 371 3128 seu
386 3065 654 3130 concernentium.
700 3067 744 3129 Et
758 3067 898 3153 praefata
913 3089 1018 3152 nuper
1033 3065 1171 3152 Regina,
1187 3063 1229 3128 de
1245 3064 1328 3127 ube-

177 3148 257 3212 riori
273 3148 379 3234 gratia
398 3172 468 3228 sua,
483 3173 521 3215 ac
536 3175 577 3215 ex
592 3163 680 3218 certa
694 3153 826 3215 scientia
841 3166 873 3215 et
884 3174 973 3215 mero
990 3161 1082 3216 motu
1097 3150 1173 3229 suia,
1189 3149 1330 3214 veluerit

176 3256 215 3298 ac
231 3255 291 3321 per
300 3235 429 3298 easdem
439 3235 552 3300 literas
562 3248 712 3321 patentes
721 3259 783 3321 pro
794 3259 838 3316 se,
850 3236 1036 3300 haeredibus
1048 3250 1080 3300 et
1094 3236 1329 3300 successoribus

178 3320 254 3400 suis,
281 3320 472 3385 concesserit
494 3321 641 3406 praefatis
664 3320 851 3406 Principali,
877 3321 978 3385 Sociis
1000 3332 1034 3385 et
1056 3322 1266 3397 scholaribus,
1294 3333 1329 3387 et

178 3405 415 3472 successoribus
446 3406 524 3486 suis,
549 3407 640 3493 quod
666 3406 860 3493 quandocun
885 3430 926 3472 ue
952 3408 1156 3506 contingeret
1185 3408 1328 3493 aliquem

179 3491 406 3593 Principalem,
416 3493 484 3557 sive
495 3492 638 3580 aliquem
651 3493 719 3558 sive
730 3430 1033 3580 ahquosSociorum
1043 3516 1114 3558 sive
1126 3494 1330 3572 scholarium,

178 3579 308 3667 collegii
328 3579 480 3666 praedicti
498 3580 600 3659 obire,
616 3581 776 3658 recedere,
793 3581 947 3660 amoveri,
963 3581 1017 3645 vel
1031 3581 1136 3645 locum
1151 3603 1247 3644 suum
1272 3595 1332 3644 aut

177 3664 263 3730 loces
284 3689 359 3731 sues
375 3689 566 3753 quocunque
582 3667 677 3732 modo
693 3689 818 3746 vacare,
834 3667 922 3751 quod
941 3678 1060 3731 extunc
1083 3668 1197 3732 electio
1215 3666 1331 3753 hujus-

179 3752 270 3816 modi
279 3752 480 3839 Principalis,
492 3753 578 3818 Socii
589 3755 658 3818 sive
673 3753 878 3832 scholarium,
889 3768 946 3819 aut
956 3753 1122 3817 Sociorum
1133 3753 1200 3816 sive
1211 3753 1332 3817 schola·

179 3837 276 3917 rium,
293 3837 335 3903 de
349 3850 496 3924 tempore
511 3839 544 3903 in
561 3847 693 3926 tempus
706 3840 961 3926 imperpetuum,
979 3841 1073 3904 fieret
1086 3845 1185 3924 juxta
1199 3839 1331 3903 ordina-

181 3923 298 4003 tiones,
315 3924 446 4011 regulas
461 3938 494 3990 et
507 3935 645 4001 statuta,
659 3928 694 3992 in
709 3948 748 3991 ea
760 3937 854 4012 parte
865 3936 942 3991 tunc
953 3925 1104 4012 deinceps
1118 3924 1234 4004 fienda,
1250 3927 1331 3990 etin

181 4009 310 4095 scriptis
333 4010 519 4098 redigenda,
548 4012 761 4098 specificanda
790 4023 826 4078 et
847 4010 1055 4091 declaranda,
1085 4020 1124 4075 ut
1147 4011 1331 4098 praefertur.

182 4104 217 4159 et
233 4095 322 4180 quod
336 4097 422 4169 ordo,
433 4095 550 4161 modus
564 4108 598 4163 et
613 4097 727 4171 forma,
738 4096 926 4184 hujusmodi
940 4096 1113 4175 electionis,
1131 4097 1173 4162 de
1188 4111 1332 4182 tempore

183 4180 218 4242 in
233 4190 372 4267 tempus,
392 4204 434 4268 pe
476 4183 560 4247 etuis
575 4185 697 4248 futuris
711 4184 924 4271 temporibus,
942 4183 1155 4270 PrincipaleS,
1174 4182 1283 4246 Socios
1299 4194 1333 4247 et

183 4264 354 4346 scholares,
373 4290 443 4353 prae
469 4268 524 4332 icti
537 4269 676 4354 collegii,
695 4269 754 4355 qui
768 4292 829 4356 pro
851 4281 996 4357 tempore
1017 4270 1132 4347 forent,
1149 4268 1332 4354 tangentis;

185 4351 334 4416 totaliter
362 4353 538 4419 referretur
563 4355 834 4430 ordinationibus,
867 4357 991 4443 regulis
1019 4367 1053 4422 et
1082 4354 1222 4433 statutis,
1251 4354 1332 4419 dicti

185 4433 326 4522 collegii,
362 4440 569 4523 postmodum
606 4440 720 4506 fiendis
756 4451 790 4507 et
825 4441 1038 4524 declarandis,
1074 4451 1112 4506 ut
1149 4439 1333 4526 praefertur.

708 4527 793 4613 (13.)
1184 4547 1204 4592 a
1389 4496 1458 4606 Α

1042 1253 1327 1334 erbert,Gabrieli,
