3022 4874
215 189 258 252 64
502 186 638 253 Statores
652 192 690 272 of
699 189 791 251 Jecur
810 189 937 271 Callope,
957 182 1085 271 Oxfora'.

1 385 93 434 rustic
103 385 205 444 reading
216 348 260 412 tis
274 348 424 412 omnibus
439 347 521 410 dicti
544 345 675 432 collegii
691 347 795 410 Sociis
812 354 846 410 et
860 345 1064 410 scholaribus
1078 344 1113 407 iu
1131 346 1305 430 capellam,
1324 346 1382 415 die

1 450 46 491 out
53 446 171 491 ornames
178 445 208 491 os
217 434 293 498 festi
307 434 419 498 Sancti
437 433 610 495 Michaelis
631 433 777 518 proxime
795 432 1001 518 precedente,
1017 441 1180 494 statutum
1205 431 1276 511 hoc,
1299 458 1380 498 cum

7 522 13 543 ι
23 504 160 562 refactors,

2 564 53 619 hc,
64 561 124 607 with

1 619 179 678 tbsnksgiving

4 679 53 725 and
63 679 167 726 oration.

1 1314 140 1361 Donations
150 1314 180 1360 of

216 519 402 582 nominibus
415 528 449 583 et
463 518 496 581 di
544 518 693 596 itatibus,
703 519 821 603 patria,
834 517 1077 588 donationibus,
1094 527 1128 581 ct
1142 518 1269 582 caeteris
1286 542 1379 605 prae·

217 606 304 684 fatis,
319 627 426 669 coram
441 604 481 667 iis
497 542 662 690 ierigantur,
677 605 953 686 subsequentibus
976 602 1099 666 solenni
1114 604 1299 688 gratiarum
1323 628 1379 670 ac·

217 693 306 754 tione
322 702 356 756 61
379 691 527 755 oratione
551 690 785 767 adhortatorio,
808 701 847 755 ut
874 690 1008 772 quisque
1033 712 1143 753 eorum
1167 711 1227 774 pro
1243 691 1379 756 viribus

217 800 312 860 quam
327 777 467 841 maxime
484 776 662 841 contendat
677 798 712 838 se
721 775 912 863 reipublicae
927 785 961 839 61
977 775 1119 839 ecclesiae
1129 775 1233 839 tantis
1248 776 1378 842 benefi-

216 864 273 926 ciis
284 862 422 948 dignum
431 863 582 948 probare.
610 863 639 923 H
644 884 704 925 anc
714 869 824 926 autem
834 861 1011 926 orationem
1024 861 1186 944 abaliquo
1199 861 1377 928 Sociorum

259 972 276 1012 r
292 948 507 1033 Principalem
523 958 591 1019 aut,
607 970 646 1011 eo
666 949 812 1025 absente,
827 947 1133 1032 Viceprincipalem,
1150 956 1226 1010 ante
1249 947 1377 1014 festum

216 971 415 1099 biativitatis
427 1034 539 1097 Sancti
545 1034 568 1097 J
570 1033 703 1097 ohannis
709 1034 880 1120 Baptistae,
891 1032 1097 1118 assignando,
1108 1033 1267 1096 adhibitis
1276 1036 1377 1118 prius

215 1142 276 1205 per
289 1120 427 1183 eundern
451 1121 658 1183 convenienti
672 1120 783 1183 studio
797 1129 832 1183 et
846 1119 1025 1205 diligentia,
1040 1118 1156 1182 haberi
1172 1118 1375 1202 ordinamus,

216 1208 278 1270 sub
307 1228 407 1291 poena
434 1206 553 1291 viginti
583 1205 771 1284 solidorum,
799 1201 838 1269 in'
863 1226 1026 1291 pauperes
1053 1204 1373 1272 distribuendorum.

218 1292 382 1375 Denique,
401 1291 503 1374 siqui
525 1292 625 1354 libros
643 1292 677 1354 in
697 1291 943 1368 bibliothecam,
961 1300 1019 1354 aut
1033 1312 1110 1354 vasa
1132 1301 1289 1376 argentea
1312 1303 1376 1358 aut

167 1406 174 1432 2
220 1400 320 1442 aurea
334 1377 369 1440 in
382 1378 551 1463 publicum
563 1376 712 1463 [collegii
726 1377 839 1475 usum]
855 1377 1064 1455 contulerint,
1075 1386 1133 1441 aut
1146 1385 1274 1462 partem
1287 1383 1376 1462 ejus-

217 1463 292 1526 dem
313 1463 455 1546 aliquam
478 1467 546 1527 suis
569 1464 756 1548 sumptibus
780 1462 1018 1539 aed1ficaverint,
1034 1473 1094 1527 aut
1115 1463 1245 1527 omnino
1269 1465 1376 1530 ullam

218 1549 366 1635 pecuniae
380 1572 547 1627 summam,
568 1549 602 1612 in
624 1551 718 1612 finem
734 1548 873 1632 aliquem
891 1549 1028 1633 collegio
1042 1548 1167 1627 utilem,
1188 1547 1376 1635 Principali

217 1643 252 1698 61
264 1635 362 1698 Sociis
379 1635 574 1698 donaverint
598 1645 657 1699 aut
671 1635 859 1721 legaverint,
883 1657 993 1699 eorum
1008 1634 1149 1713 nomina,
1169 1656 1242 1697 curn
1261 1634 1375 1720 digni-

220 1720 345 1783 tatibus
367 1731 402 1783 et
426 1721 551 1784 caeteris
570 1720 718 1806 superius
742 1721 943 1806 specificatio,
960 1721 993 1782 in
1010 1719 1107 1783 dictis
1130 1719 1234 1793 libris,
1252 1743 1291 1784 eo
1307 1745 1374 1805 quo

218 1805 343 1869 dictum
354 1815 404 1869 est
412 1806 518 1885 modo,
530 1806 684 1868 conscribi
693 1806 852 1869 volumus.
874 1806 993 1869 Forma
1002 1816 1112 1869 autem
1123 1807 1308 1892 gratiarum
1320 1831 1374 1872 ac-

46 1911 60 1940 u
91 1896 143 1954 Αἰ
178 1928 185 1941 ·
218 1891 316 1954 tionis
326 1899 589 1956 antememoratae
597 1890 666 1955 haec
675 1891 727 1955 sit.
747 1891 894 1955 Primum
905 1893 1060 1956 recitetur
1069 1891 1234 1955 claravoce
1247 1893 1374 1959 “Pater

218 1978 360 2055 noster,'’
371 1977 426 2041 &c
437 1977 591 2063 Anglice3
606 1976 723 2041 deinde
735 1977 947 2041 decantentur
962 1977 1113 2041 similiter
1122 1977 1157 2040 hi
1166 1989 1232 2044 tres
1237 1979 1372 2126 psalmi,

218 2062 382 2142 videlicet,
397 2064 468 2141 144,
482 2069 502 2098 “
512 2063 680 2126 Exaltabo
694 2073 738 2138 te,
755 2063 858 2142 Deus,
872 2085 963 2126 meus
979 2063 1054 2127 Rex
1067 2063 1098 2140 ;'’
1117 2065 1189 2142 145,
1205 2069 1224 2099 “
1267 2065 1370 2144 auda,

218 2152 326 2212 anima
350 2171 434 2224 mea,
454 2150 632 2212 Dominum
643 2148 672 2221 ;’'
699 2150 770 2227 146,
793 2154 812 2184 “
824 2149 978 2213 Laudato
1002 2149 1189 2220 Dominum,
1212 2149 1370 2230 quoniam

219 2235 322 2298 bonus
336 2233 415 2299 est.”
451 2235 529 2299 Post
544 2234 614 2299 haec
625 2234 756 2319 legatur
770 2245 869 2320 caput
879 2235 922 2298 44
932 2235 1164 2299 Ecclesiastici:
1181 2241 1213 2296 et
1226 2243 1296 2296 tum
1309 2233 1369 2297 ha·

218 2320 340 2383 beatur
354 2321 460 2383 oratio
475 2320 701 2384 adhortatorie
715 2321 885 2405 praedicta,
897 2321 1008 2404 inqua
1022 2319 1140 2384 eximia
1155 2317 1366 2381 fundatorum

218 2415 253 2468 ct
267 2405 509 2469 benefactorum
523 2406 745 2470 munificentia
759 2406 963 2492 praedicetur,
977 2415 1181 2490 quantusque
1196 2402 1370 2468 literarum

218 2491 262 2553 sit
276 2513 365 2562 usus,
382 2491 512 2573 quantis
526 2491 682 2554 laudibus
704 2492 865 2556 afficiendi
889 2502 966 2556 sunt
994 2493 1051 2575 qui
1074 2492 1243 2556 literarum
1258 2490 1370 2555 studia

218 2599 276 2638 sua
291 2577 501 2641 beneficentia
523 2577 677 2655 excitant,
694 2589 854 2659 quantum
869 2579 910 2642 sit
925 2587 1153 2642 ornamentum
1177 2599 1280 2662 regno
1295 2576 1370 2641 doc-

218 2671 268 2725 tos
283 2662 370 2725 viros
384 2661 516 2737 habere,
530 2663 588 2745 qui
604 2663 646 2726 de
654 2664 751 2727 rebus
760 2665 973 2728 controversis
982 2686 1057 2728 vere
1061 2663 1211 2747 judicare
1224 2673 1370 2748 possunt,

218 2757 342 2830 quanta
354 2749 397 2812 sit
422 2749 657 2834 scripturarum
679 2750 762 2828 laus,
778 2760 811 2815 61
836 2760 994 2833 quantum
1018 2748 1083 2812 illae
1106 2750 1196 2810 omni
1217 2748 1371 2813 humanae

219 2835 408 2899 auctoritati
432 2834 635 2913 antecedant,
654 2847 775 2918 quanta
799 2841 871 2922 ejus
894 2833 1050 2898 doctrinae
1073 2832 1108 2894 in
1128 2832 1249 2916 vulgus
1273 2833 1368 2895 utili·

219 2930 279 2999 tas,
295 2932 330 2985 et
345 2943 443 3006 quam
458 2921 626 3006 egregium
642 2931 675 2985 et
691 2922 817 3007 regium
833 2921 875 2984 sit
890 2921 902 2988 1
905 2919 957 2982 cui
972 2917 1064 2980 Deus
1078 2917 1240 2980 universae
1262 2917 1371 3002 plebis

218 3027 330 3070 curam
358 3006 533 3090 commisit)
562 3007 776 3072 multitudine
803 3006 1023 3069 ministrorum
1053 3001 1145 3066 verbi
1174 3003 1370 3089 prospicere,

218 3102 320 3176 atque
337 3102 376 3155 ut
390 3091 426 3155 hi
441 3091 569 3156 honesti
583 3103 617 3156 et
632 3093 757 3158 eruditi
771 3093 837 3156 sint
852 3112 976 3166 curare,
992 3088 1203 3166 ostendatur3
1228 3091 1283 3153 vel
1306 3091 1372 3154 alia

218 3179 289 3263 ejus
304 3178 442 3263 generis,
460 3201 532 3260 quae
546 3179 593 3263 pii
619 3188 653 3243 et
667 3179 754 3244 docti
770 3178 831 3242 viri
848 3200 921 3241 cum
933 3176 1034 3240 laude
1050 3175 1219 3238 illustrare
1234 3177 1369 3260 possint.

221 3263 349 3338 Quibus
357 3263 465 3342 finitis,
476 3264 667 3329 decantetur
675 3266 818 3351 psalmus
829 3263 1011 3352 vulgariter
1019 3262 1125 3326 dictus
1145 3261 1228 3339 “Te‚
1240 3263 1368 3324 Deum’'

219 3349 375 3434 Anglice:
393 3371 531 3434 quoque,
542 3351 584 3414 ad
594 3360 773 3414 extremum
788 3350 963 3437 adJiciatur
978 3371 1115 3432 sequens
1155 3347 1285 3424 recatio,
1298 3368 1370 3409 curn

219 3434 368 3497 versibus
390 3434 462 3497 istis
485 3445 518 3498 et
542 3437 820 3521 responsionibus;
845 3436 947 3498 “The
962 3435 1047 3498 fame
1065 3433 1103 3495 of
1123 3370 1179 3497 1116
1202 3432 1370 3516 righteous

219 3518 300 3583 shall
315 3518 440 3583 endure
456 3521 506 3584 1ο1
521 3521 626 3586 ever.”
672 3525 762 3606 Resp.
780 3520 891 3583 “And
904 3519 990 3582 shall
1004 3519 1074 3581 fear
1090 3541 1131 3580 no
1146 3517 1214 3582 evil
1228 3516 1368 3604 report.'’

229 3609 310 3670 Vers.
329 3605 432 3669 “The
448 3607 539 3670 Lord
553 3609 596 3671 he
605 3607 684 3672 with
694 3606 792 3693 you.‘’
837 3609 928 3688 Resp.
946 3603 1056 3666 “And
1071 3603 1152 3668 with
1168 3603 1226 3690 thy
1242 3603 1370 3689 spirit.'’

224 3694 310 3756 Orat.
328 3699 348 3728 “
356 3691 421 3754 We
431 3693 536 3777 praise
546 3693 610 3757 and
620 3694 721 3757 thank
731 3689 818 3766 thee,
830 3691 862 3752 0
874 3689 975 3765 Lord,
986 3689 1036 3753 lor
1046 3689 1103 3775 thy
1111 3699 1251 3767 servant,
1264 3689 1372 3753 111116-

219 3776 307 3855 beth,
318 3777 431 3850 Queen
441 3779 479 3841 of
489 3779 657 3864 England,
667 3799 729 3841 our
737 3775 884 3846 founder,
897 3775 963 3838 and
973 3776 1065 3839 other
1079 3797 1139 3839 our
1147 3774 1369 3848 benefactors3

218 3862 355 3948 humhly
370 3863 565 3950 beseeching
584 3864 660 3927 thee
674 3861 758 3937 that,
775 3882 809 3922 as
825 3859 901 3947 they
916 3860 1002 3925 have
1016 3859 1200 3946 charitably
1208 3860 1373 3924 bestowed

220 3948 278 4034 thy
294 3949 374 4034 gifts
390 3959 424 4013 to
439 3972 499 4012 our
513 3950 635 4023 reliefe,
650 3970 685 4010 so
707 3945 787 4010 both
802 3968 849 4010 we
871 3968 946 4033 may
961 3946 1138 4032 frutefully
1153 3968 1213 4009 use
1228 3944 1317 4010 them
1337 3957 1371 4011 1ο

220 4033 308 4132 111611Ι
321 4034 385 4098 due
401 4035 474 4114 end,
492 4037 557 4100 and
571 4033 680 4130 others
700 4032 744 4118 by
759 4030 839 4094 such
864 4033 1033 4132 examples
1056 4055 1131 4117 may
1145 4030 1186 4095 be
1208 4032 1323 4095 moved
1338 4040 1372 4095 to

220 4120 354 4269 pmii
368 4115 1372 4270 1111111111111111111111111111ἰῖ11111111111

219 4229 326 4378 biathy
344 4230 433 4376 Hiirly
450 4229 624 4354 wordyand
648 4297 852 4367 sacraments,
867 4291 933 4353 and
944 4229 1006 4355 1116
1022 4225 1284 4354 commonwealth
1301 4287 1374 4351 well

219 4378 326 4440 serv'd
350 4379 383 4440 in
399 4376 444 4440 all
460 4375 642 4439 necessities
657 4373 737 4437 with
758 4374 860 4461 godly
877 4377 943 4440 and
963 4375 1096 4441 learned
1109 4373 1280 4453 ministerS,
1298 4372 1372 4440 that
