3022 4874
453 214 590 281 Statutes
603 217 642 299 of
651 216 741 277 Jesus
760 213 885 300 Callope,
908 215 1035 301 Orpbrd.
1275 217 1317 285 47

169 371 346 459 Principali
357 373 399 437 ab
409 371 557 437 omnibus
569 381 729 459 pareatur.
766 371 948 458 Principali
964 393 1041 436 vero
1051 381 1224 458 praesente,
1236 373 1323 437 circa

169 459 276 522 omnia
298 459 386 524 dicto
408 459 545 544 collegio
566 470 601 524 ct
621 458 765 544 personis
787 458 931 544 ejusdem
955 459 1133 521 necessaria
1155 468 1189 522 et
1209 459 1317 532 utilia,

170 542 278 607 eidem
293 545 428 609 solerter
442 545 593 620 assistat3
617 544 835 630 negligentias
849 566 984 627 quoque,
999 566 1146 607 excessus
1161 553 1195 607 et
1210 543 1319 608 defec-

170 639 234 708 tus,
249 652 372 694 necnon
391 631 526 695 crimina
544 642 579 695 et
595 629 717 695 delicta
733 653 806 713 quae
821 653 841 694 a
856 631 963 709 Sociis,
980 629 1148 705 officiariis,
1164 629 1317 693 scholari·

169 715 232 778 bus
250 727 309 782 aut
333 717 559 796 servientibus,
577 717 656 780 dicti
676 716 815 803 collegii,
835 725 895 780 aut
918 716 996 780 ullis
1024 716 1098 780 aliis
1121 715 1155 779 in
1179 716 1320 801 collegio

171 800 379 888 degentibus,
389 803 515 869 noverit
524 803 777 881 essecommissa,
791 801 949 887 (exceptis
964 802 1004 865 iis
1017 825 1089 885 quae
1099 800 1320 887 expulsionem

170 899 229 951 aut
238 888 448 953 monitionem
460 889 642 973 requirunt3
661 889 812 971 quoniam
823 888 893 952 haec
904 888 1043 967 omnino,
1053 887 1114 951 nisi
1124 887 1177 951 vel
1186 887 1327 950 absente.

172 973 224 1036 vel
250 975 343 1039 nullo
366 975 525 1040 existente
548 974 735 1059 Principali,
752 973 942 1060 Principalis
966 973 1140 1060 cognitioni
1161 973 1321 1036 reservari

171 1059 337 1137 volumus3
355 1070 390 1125 et
404 1061 444 1124 iis
458 1083 532 1144 quae
546 1083 567 1124 a
577 1061 763 1160 praelectorc
775 1060 884 1143 aliquo
884 1059 1063 1208 dpunienda
1074 1069 1159 1137 sunt,
1171 1059 1320 1142 quoniam

169 1143 235 1210 haec
253 1169 380 1230 quoque
399 1147 463 1210 nisi
476 1148 511 1211 in
525 1146 623 1210 simili
637 1168 713 1209 casu
731 1167 882 1210 reservan
907 1168 926 1208 a
944 1146 1115 1225 ducimus)
1133 1145 1321 1230 postpositis

170 1232 300 1296 omnino
316 1254 436 1311 amore,
447 1234 570 1311 favore,
582 1233 707 1308 timore,
718 1230 802 1305 odio,
812 1231 949 1303 invidia,
962 1241 997 1295 et
1011 1230 1238 1295 affectionibus
1248 1231 1320 1313 qui-

169 1317 359 1401 buscunque
375 1317 676 1405 consanguinitatis,
693 1317 861 1383 affinitatis
879 1327 914 1383 et
931 1317 1060 1403 patriae,
1085 1338 1205 1380 necnon
1225 1336 1322 1400 prece

170 1412 231 1467 aut
275 1405 367 1484 retio,
384 1405 562 1470 secundum
579 1414 710 1469 statuta
731 1413 765 1467 et
782 1402 1002 1467 ordinationes
1017 1403 1147 1488 collegii
1161 1401 1322 1486 praedicti,

170 1497 204 1553 et
229 1426 297 1553 aiia
320 1490 353 1553 in
380 1490 393 1553 i
417 1492 460 1554 sis
483 1490 616 1554 statutis
645 1499 681 1553 st
709 1488 967 1552 ordinationibus
991 1510 1057 1551 non
1080 1486 1321 1573 comprehensa,

170 1575 348 1639 secundum
378 1514 607 1640 discretionem
642 1597 735 1638 suam
767 1574 917 1659 corrigat,
946 1573 1065 1662 puniat
1093 1583 1128 1637 et
1156 1572 1321 1637 reformat.

172 1659 345 1739 Volumus,
364 1660 472 1731 etiam,
490 1660 590 1744 quod,
606 1660 783 1746 Principali
804 1661 951 1738 absente,
973 1658 1113 1742 quilibet
1131 1659 1165 1722 in
1186 1658 1322 1743 collegio

171 1746 312 1810 existens
338 1746 595 1832 Viceprincipali
617 1745 754 1811 obediat
770 1745 805 1808 in
822 1745 970 1809 omnibus
990 1745 1089 1809 licitis
1113 1754 1148 1811 et
1170 1744 1322 1828 congruis

170 1830 435 1913 injunctionibus,
452 1833 513 1896 sub
535 1854 635 1918 poena
654 1830 832 1896 secundum
847 1840 973 1895 statuta
987 1830 1124 1895 inferius
1139 1829 1321 1916 specificata

169 1917 362 2003 infligenda;
378 1919 431 1983 cui
441 1918 539 1982 etiam
550 1918 633 1982 circa
647 1918 814 2003 praedicta,
824 1917 852 1980 si
866 1939 947 2002 opus
961 1917 1071 1996 fuerit,
1081 1917 1188 2002 ipsum
1198 1916 1320 1980 Princi-

168 2002 279 2088 palem
303 2005 452 2068 volumus
471 2027 541 2068 esse
559 2003 741 2089 adjutorem
760 2013 795 2069 et
819 2003 943 2067 roboris
961 2003 1178 2090 praebitorem.
1223 2000 1318 2079 Quod
1333 2015 1510 2086 over-severi*

170 2089 199 2150 si
225 2111 303 2156 vero
325 2090 501 2177 praedictus
525 2089 794 2176 Viceprincipalis
816 2089 913 2152 nimis
937 2099 1102 2153 austerum
1120 2088 1173 2152 vel
1190 2087 1317 2151 facilem
1332 2075 1506 2179 (ζῖὶὲζῃζξξξζο

169 2173 205 2237 in
235 2177 424 2262 corrigendo
451 2199 486 2241 se
512 2176 717 2262 praestiterit,
735 2175 862 2260 judicio
889 2174 1093 2260 Principalis,
1117 2173 1260 2237 bursarii
1284 2183 1320 2237 et
1333 2145 1509 2251 spirari}

170 2263 311 2325 censoris
325 2261 546 2349 philosophiae,
560 2261 613 2326 vel
627 2260 766 2324 duorum
779 2281 901 2337 eorum,
914 2281 1052 2342 quorum
1067 2280 1152 2322 unus
1165 2259 1210 2322 sit
1228 2259 1321 2323 Prin·

170 2345 294 2432 cipalis,
304 2349 497 2435 corrigatur,
507 2355 550 2419 et,
556 2351 656 2431 juxta
667 2345 875 2408 discretiones
886 2344 1071 2423 eorundem,
1080 2345 1152 2430 ipsa
1162 2366 1263 2444 poena
1278 2345 1321 2408 ab

170 2431 243 2516 ipso
260 2433 385 2498 inflicta
399 2443 563 2519 augeatur
576 2431 629 2495 vel
643 2431 819 2495 minuatur.
853 2431 1027 2504 Praeterea,
1042 2431 1320 2517 Viceprmcipalis,

171 2517 311 2602 singulis
327 2517 549 2596 hebdomadis,
565 2516 619 2581 die
637 2517 785 2595 Sabbati,
801 2516 864 2595 vel,
883 2517 911 2580 si
932 2517 1116 2582 Sabbatum
1134 2517 1205 2581 dies
1220 2517 1321 2583 festus

172 2602 283 2674 fuerit,
308 2605 450 2689 profesto
477 2603 624 2688 proxime
671 2601 860 2678 raecedente,
883 2603 1070 2668 observabit
1098 2603 1320 2679 correctiones,

171 2688 319 2755 omnibus
342 2688 560 2753 baccalaureis
573 2697 608 2752 et
626 2711 658 2751 sc
682 2688 823 2753 clasticis
844 2709 908 2751 non
927 2688 1096 2773 graduatis
1115 2690 1321 2774 congregatis

171 2773 207 2836 in
236 2773 345 2839 aulam
368 2773 446 2838 dicti
475 2774 614 2873 collegii,
637 2773 831 2856 inquirendo
860 2774 902 2838 do
930 2774 1060 2838 delictis
1089 2773 1321 2859 praedictorum

171 2859 230 2922 illa
243 2859 448 2925 hebdomada
462 2860 654 2925 commmsis:
668 2859 786 2943 quibus
801 2860 1051 2925 correctionibus
1060 2881 1322 2942 unumquemque

171 2945 450 3012 baccalaureorum
483 2957 517 3011 et
550 2945 811 3011 scholasticorum
848 2945 1080 3045 praedictorum
1112 2967 1132 3009 a
1163 2945 1322 3031 principio

172 3053 275 3115 usque
289 3033 450 3113 adfinem,
466 3034 527 3098 sub
549 3054 650 3118 posna
664 3053 722 3096 sex
745 3032 961 3109 denariorum,
979 3032 1137 3096 interesse
1152 3031 1322 3107 volumus3

171 3118 450 3268 θῐηιὲιιοάοιιῃᾳυο
474 3118 614 3183 officium
643 3141 823 3205 congruum
850 3117 916 3182 sibi
944 3140 1003 3203 per
1029 3117 1110 3182 Vise
1134 3116 1322 3202 rincipalsm

172 3225 196 3301 p
268 3203 368 3268 ictum
390 3206 601 3291 assignatum,
624 3205 688 3271 sub
711 3226 810 3290 poena
834 3203 1057 3269 recusantibus
1150 3202 1322 3268 arbitrium

172 3289 276 3374 ipsius
286 3301 320 3355 et
330 3291 469 3354 censoris
478 3289 657 3374 infligenda
671 3311 731 3376 pro
741 3289 888 3373 qualibet
899 3289 968 3353 vice
977 3289 1020 3354 sic
1031 3288 1187 3375 neglecta,
1201 3288 1321 3352 subire.

172 3374 231 3439 Ad
246 3398 319 3459 quac
334 3377 441 3440 omnia
456 3385 490 3440 et
508 3375 648 3462 singula,
665 3385 824 3458 quantum
840 3374 883 3439 ad
900 3375 1006 3461 ipsum
1020 3375 1173 3462 pertinet,
1189 3375 1273 3439 bene
1287 3385 1322 3439 et
1335 3391 1503 3451 vioepnncrp

172 3461 313 3527 fideliter
342 3461 491 3527 facienda
525 3471 559 3526 et
590 3461 803 3540 observanda,
835 3460 1104 3546 Viceprincipalis
1133 3460 1321 3547 pradictus,
1335 3452 1500 3498 ubssworn.

169 3548 282 3612 statim
297 3559 372 3634 post
386 3548 574 3613 electionem
588 3546 700 3632 ipsius,
712 3547 806 3612 tactis
818 3547 1026 3612 sacrosanctis
1038 3547 1105 3610 Dei
1122 3547 1321 3633 Evangeliis,

170 3633 206 3697 in
238 3635 390 3700 raesentia
399 3633 561 3699 dictorum
570 3633 762 3732 eligentium
773 3641 909 3719 praestet
917 3633 1083 3719 corporale
1092 3638 1322 3719 juramentum.

172 3657 340 3800 Volumus,
356 3720 464 3795 etiam,
481 3719 569 3803 quod
593 3719 700 3786 dictus
722 3718 1000 3806 Viceprincipalis,
1026 3741 1090 3803 quo
1112 3718 1265 3785 libentius
1288 3729 1323 3784 et
1336 3732 1497 3793 Hrsstipena

171 3803 362 3892 diligentins
370 3829 465 3871 suum
475 3815 660 3889 exequatur
668 3805 818 3883 officium,
828 3804 915 3869 ultra
925 3804 1322 3885 Sociorumemolumenta,

171 3891 309 3976 singulis
323 3894 427 3972 annis,
439 3892 483 3957 ad
496 3901 636 3976 quatuor
651 3891 724 3957 anni
736 3891 901 3966 terminos,
915 3891 957 3955 de
967 3891 1118 3954 manibus
1129 3891 1323 3977 Principalis

171 3978 221 4041 vel
231 3979 382 4059 bunarii,
393 4002 453 4065 pro
465 3977 638 4064 stipendio,
648 3977 806 4064 percipiat
817 3976 1035 4064 quadraginta
1044 3976 1173 4041 solidos.
1198 3976 1321 4043 Verum
1335 4011 1436 4057 Rerum
1446 4012 1477 4057 ,f

170 4063 200 4126 si
223 4064 305 4147 quis,
327 4066 382 4142 sic,
407 4074 444 4130 ut
489 4065 652 4143 raefertur,
673 4063 716 4128 ad
739 4064 934 4149 praedictum
957 4063 1095 4127 officium
1119 4063 1254 4133 electus,
1269 4063 1506 4141 ve10ffi00‚9rnes

172 4149 384 4234 pertinaciter
403 4087 489 4216 illud
506 4150 711 4220 recusaverit,
727 4148 789 4229 vel,
804 4160 975 4235 postquam
993 4149 1146 4234 suscepit,
1161 4149 1195 4213 in
1211 4149 1321 4231 aliquo
1334 4128 1511 4234 ffi‘ffsssshff·

171 4236 414 4320 praemissorum
444 4237 485 4299 ad
515 4236 637 4300 dictum
668 4258 788 4299 munus
817 4235 1035 4321 spectantium
1063 4235 1233 4320 negligens
1262 4243 1322 4297 aut

171 4321 347 4404 culpabilis
376 4323 530 4386 inventus
566 4321 679 4400 fuerit,
710 4321 861 4386 volumus
891 4331 939 4401 ut,
965 4321 1089 4407 judicio
1118 4319 1321 4402 Principalis

170 4426 244 4468 cum
267 4429 425 4473 consensu
440 4408 569 4492 majoris
584 4408 690 4494 partis
704 4408 870 4473 Sociorum
885 4407 919 4472 in
935 4406 1162 4473 Universitate
1178 4426 1322 4491 praesen-
