3022 4874
290 172 333 237 66
573 171 710 240 Statutes
724 172 862 256 ochsm
882 169 1010 256 Callope,
1031 169 1160 256 Oaford.

289 332 410 397 dictam
431 339 581 414 quartam
604 338 745 415 partem,
761 338 795 394 et
818 327 904 392 illud
918 325 1006 413 quod
1030 349 1090 413 pro
1104 324 1307 413 sigillatione
1321 348 1457 393 conces·

288 418 413 483 sionum
430 416 605 501 pendetur,
621 415 794 501 acceperit,
806 415 835 477 si
850 415 891 478 de
907 438 946 479 eo
954 414 1103 501 legitime
1118 413 1283 476 convictus
1297 411 1422 492 fuerit,
1437 438 1458 477 a

289 503 377 568 dicto
402 502 549 588 collegio
562 501 729 566 confestim
754 511 951 565 amoveatur.
998 499 1095 577 Quod
1118 509 1228 563 autem
1245 520 1305 585 pro
1319 499 1456 586 sigilla·

289 590 379 655 tione
394 589 538 672 accipere
561 610 615 652 eos
638 588 673 650 in
697 609 865 652 commune
879 587 1109 673 permittimus,
1124 606 1284 648 summam
1300 585 1456 672 quadra·

290 676 386 762 ginta
411 673 587 738 solidorum
611 674 765 739 excedere
778 674 948 749 nolumus;
971 695 1012 736 ne
1028 673 1102 757 quis
1122 671 1186 736 sibi
1212 669 1254 735 de
1278 671 1458 737 commodo

290 761 420 847 collegii
441 758 615 824 detrahere
639 759 747 839 licere,
763 783 829 847 quo
843 782 939 823 suum
953 768 1084 845 augeat,
1098 767 1207 843 putet.
1252 756 1356 822 Fines
1373 780 1455 823 vero

292 857 327 913 et
363 868 504 910 summas
538 847 751 932 pecuniarum
788 868 848 931 pro
876 844 1092 911 locationibus
1119 854 1154 909 et
1190 843 1457 909 concessionibus

292 932 459 1020 praedictis
484 930 672 1018 pendendas
696 932 845 997 volumus
873 954 941 997 esse
964 931 1047 996 tales
1071 940 1106 995 et
1136 939 1258 1009 tantas,
1272 928 1393 1017 quales
1417 941 1455 996 et

292 1031 432 1107 quantas
442 1021 551 1083 bonus
564 1019 802 1105 paterfamilias
818 1029 852 1084 et
867 1017 1011 1104 prudens
1034 1039 1143 1082 rerum
1166 1039 1299 1080 suarum
1314 1014 1454 1117 dispen-

290 1115 382 1170 sator
400 1105 581 1192 judicaret;
604 1129 703 1191 super
717 1128 783 1193 quo
803 1111 961 1191 quusque
975 1126 1100 1182 eorum,
1116 1103 1175 1191 qui
1189 1102 1455 1168 concessionibus

289 1192 455 1278 praedictis
469 1189 627 1257 faciendis
649 1193 833 1258 intererunt
856 1201 890 1254 et
914 1190 1072 1277 suffragia
1085 1190 1201 1260 ferent.
1218 1189 1454 1255 conscientiam

290 1300 472 1344 oneramus.

587 1415 735 1482 21.-1>e
748 1416 850 1499 aiqillo
861 1415 981 1500 cellapii
995 1416 1152 1479 commoni.

76 1552 113 1599 of
120 1553 161 1601 the
167 1569 279 1602 common
335 1539 390 1604 De
405 1538 516 1624 sigillo
528 1537 658 1624 collegii
674 1537 837 1602 communi
846 1537 1031 1608 statuimus,
1042 1535 1231 1601 ordinamus
1242 1545 1276 1600 et
1285 1537 1449 1621 volumus,

76 1612 135 1659 ⁵²²¹·
290 1626 385 1688 utin
409 1626 490 1688 cista
514 1625 621 1688 tribus
646 1625 724 1687 seris
747 1624 876 1687 munita
897 1634 1092 1697 asservetur,
1109 1632 1143 1686 et
1168 1623 1202 1686 in
1229 1622 1449 1706 thesauraria,

289 1710 353 1774 nisi
368 1711 501 1796 quando
515 1731 598 1773 usus·
615 1709 747 1794 collegii
764 1709 915 1793 publicus
931 1708 1023 1772 aliud
1038 1709 1268 1794 postulaverit,
1283 1722 1449 1797 perpetuo

288 1803 476 1873 remaneat3
512 1817 570 1859 nec
608 1794 651 1858 ad
679 1796 749 1858 ulla
781 1795 848 1858 alia
885 1796 1020 1881 negotia
1053 1794 1129 1859 inde
1161 1795 1357 1862 extrahatur
1386 1808 1449 1863 aut

286 1891 474 1968 usurpetur,
489 1882 553 1944 nisi
568 1881 612 1944 ad
633 1903 672 1944 ea
694 1904 769 1968 quae
827 1882 969 1945 rPrinci
994 1881 1078 1946 alem
1095 1893 1127 1946 et
1141 1884 1298 1970 majorem
1312 1892 1446 1969 partem

287 1969 454 2034 Sociorum
477 1966 691 2032 decernentur
716 1903 903 2054 sigidinda.
964 1904 1138 2032 Pictamm
1162 1979 1274 2034 autem
1296 1992 1446 2034 serarum

284 2077 385 2119 unam
427 2055 552 2119 clavem
577 2053 737 2119 custodiat
759 2053 963 2139 Principalis
1001 2055 1139 2119 alteram
1163 2054 1451 2142 Viceprincipalis,

285 2142 419 2206 tertiam
436 2143 539 2206 senior
560 2141 669 2204 Socius
688 2139 738 2226 [in
764 2139 989 2205 Universitate
1013 2140 1182 2228 praesens],
1198 2142 1294 2207 modo
1318 2164 1377 2206 uec
1401 2145 1447 2207 sit

286 2226 559 2313 Viceprincipalis
586 2228 646 2291 illo
669 2249 755 2291 anno
771 2249 831 2291 nec
846 2227 1031 2302 bursarius3
1052 2227 1101 2291 ita
1124 2237 1246 2305 tamen,
1259 2236 1298 2291 ut
1311 2226 1360 2288 fas
1374 2249 1447 2292 non

285 2313 328 2377 sit
353 2314 506 2399 cuiquam
535 2335 646 2378 eorum
676 2334 771 2376 usum
802 2313 902 2377 clavis
931 2336 999 2378 suae
1030 2314 1073 2377 ad
1098 2311 1271 2401 sigillanda
1296 2333 1337 2375 ea
1361 2334 1441 2397 quae

286 2398 481 2484 Principalis
496 2409 530 2463 et
544 2405 647 2484 major
686 2421 739 2462 ars
754 2399 919 2463 Sociorum
933 2400 967 2462 in
977 2399 1205 2465 Universitate
1218 2397 1443 2486 prasentium,

287 2506 329 2549 ex
359 2507 490 2548 assensu
513 2421 714 2570 Principalis,
740 2484 946 2549 decreverint
961 2485 1147 2572 sigillanda,
1174 2485 1347 2572 denegare,
1363 2483 1444 2549 licet

287 2571 297 2633 i
322 2570 404 2635 sein
420 2570 566 2636 faciendo
580 2570 737 2656 ejusmodi
752 2571 882 2636 decreto
905 2594 978 2636 curn
1002 2572 1138 2659 reliquis
1152 2594 1217 2637 non
1233 2571 1441 2636 consenserit.

286 2593 327 2722 fri
349 2657 447 2743 hujus
466 2671 575 2721 autem
598 2656 700 2743 sigilli
724 2666 819 2745 parte
843 2658 949 2721 altera
972 2659 1076 2745 sculpi
1092 2659 1242 2723 volumus
1266 2657 1444 2744 imaginem

286 2742 369 2809 Jesu
393 2744 600 2830 sospitatoris
623 2744 735 2822 nostri,
760 2766 832 2807 cum
855 2742 916 2808 hac
933 2744 1153 2830 inscriptione,
1175 2743 1360 2827 “Sigillum
1376 2743 1445 2806 col·

287 2829 367 2917 legii
392 2830 474 2895 Jesu
501 2831 586 2894 infra
611 2829 777 2895 civitatem
801 2840 834 2895 et
858 2829 1115 2895 Universitatem
1138 2828 1283 2896 Oxoniae,
1300 2848 1341 2889 ex
1363 2827 1444 2891 fun-

286 2915 417 2981 datione
440 2916 577 3002 Reginae
602 2914 847 2994 Elizabethae;‘’
883 2916 918 2978 in
948 2915 1053 2980 altera
1079 2935 1164 2991 vero,
1193 2910 1331 2997 Reginae
1360 2911 1445 2978 dicti

286 3002 414 3088 collegii
437 3001 639 3075 fundatricis,
665 3024 739 3066 cum
765 3001 825 3067 hac
847 3002 1068 3100 inscriptione,
1100 3005 1120 3035 “
1136 2997 1342 3076 Elisabetha,
1373 2997 1445 3064 Dei

287 3088 405 3237 grstia,
431 3088 575 3175 Angliae,
593 3087 740 3152 Franciae
761 3098 796 3153 et
818 3088 1000 3165 Hibernrae,
1019 3084 1157 3173 Regina,
1183 3085 1262 3148 fidei
1281 3083 1442 3164 defensor,

318 3172 377 3251 c.,’'
391 3172 443 3237 vcl
467 3184 626 3257 quantum
652 3174 796 3239 ambitus
821 3181 891 3238 e‘us
907 3170 1071 3247 commode
1094 3193 1212 3258 capere
1238 3180 1358 3258 potest.
1405 3173 1443 3234 Si

287 3259 361 3344 quis
384 3280 460 3324 vero
487 3282 528 3324 ex
550 3261 690 3325 clavium
714 3199 901 3324 custodibus
922 3259 1080 3360 proficisci
1102 3259 1214 3347 aliquo
1238 3268 1333 3322 extra
1356 3255 1442 3320 Uni-

286 3344 482 3416 versitatem,
503 3356 537 3410 et
557 3347 669 3410 abesse
695 3368 715 3409 a
738 3346 883 3432 collegio,
909 3346 973 3410 sibi
995 3368 1056 3432 per
1085 3345 1166 3409 duos
1188 3344 1340 3431 pluresve
1367 3341 1441 3406 dics

286 3451 415 3494 necesse
430 3451 498 3494 esse
512 3430 644 3506 viderit,
659 3431 807 3495 volumus
822 3441 855 3496 et
872 3434 1047 3496 statuimus
1060 3440 1109 3503 ut,
1124 3453 1165 3495 ex
1180 3451 1333 3494 consensu
1344 3427 1442 3490 Prin-

286 3515 401 3600 cipalis
429 3525 498 3594 aut,
528 3539 567 3581 eo
596 3519 742 3597 absente,
774 3517 856 3582 Vicc
880 3517 1056 3602 rincipalis,
1086 3517 1207 3580 clavem
1235 3537 1328 3578 suam
1354 3515 1444 3599 apud

286 3600 432 3687 aliquem
463 3602 628 3667 Sociorum
651 3603 826 3691 relinquat,
857 3541 960 3666 donec
989 3602 1059 3688 ipse
1088 3602 1236 3667 redierit.
1296 3600 1442 3678 Proviso,

285 3685 374 3773 quod
389 3709 483 3750 nemo
495 3689 591 3753 simul
606 3690 689 3753 duas
702 3689 891 3776 dict1s1gilh
904 3687 1011 3754 claves
1025 3689 1188 3754 custodiat
1203 3700 1263 3754 aut
1277 3685 1443 3750 custodire

284 3773 507 3859 permittatur.

556 3900 708 3964 aa-De
722 3911 851 3986 tempore
866 3901 1041 3965 assumendi
1050 3903 1180 3986 prodas.

330 4021 511 4108 Cupientes
527 4030 566 4085 ut
581 4022 723 4108 operarii
738 4032 773 4087 et
787 4023 872 4087 bene
893 4022 1005 4088 meriti
1015 4022 1058 4087 ad
1074 4022 1194 4087 altiora
1205 4020 1443 4110 provehantur,

287 4116 453 4194 torpentes
468 4130 544 4172 vcro
558 4118 592 4174 et
612 4107 740 4172 desides
764 4109 942 4196 abigantur
963 4119 1025 4174 aut
1047 4109 1181 4195 inglorii
1202 4109 1443 4192 relinquantur,

72 4200 204 4304 oftcking
287 4195 472 4267 statuimus
489 4195 676 4259 ordinamus
701 4205 735 4260 et
760 4195 921 4273 volumus,
946 4205 985 4260 ut
1012 4195 1093 4260 dicti
1118 4194 1246 4282 collegii
1271 4192 1442 4272 scholares

71 4258 264 4367 fffiffffiefflss,
286 4289 459 4432 postquam
484 4291 624 4364 quatuor
649 4303 749 4344 annos
770 4280 916 4367 integros
940 4281 975 4344 in
998 4280 1183 4353 dialecticis,
1200 4277 1378 4354 rhetoricis
1407 4289 1444 4344 et

301 4367 408 4453 inguis
419 4365 540 4432 Latina
550 4378 583 4433 et
594 4368 718 4442 Graeca,
724 4389 794 4432 sese
800 4366 976 4456 diligenter
985 4367 1199 4447 exercuerint,
1210 4375 1309 4450 atque
1320 4385 1359 4429 ea
1368 4385 1444 4447 quae
