3022 4874
458 262 596 327 Statutes
609 264 648 345 of
655 263 748 325 Jesus·
768 261 894 345 Collegae,
915 259 1043 344 Oaford
1284 261 1326 327 37

174 421 310 500 seniore,
321 441 402 503 quos
413 431 610 486 scrutatores
620 421 655 486 in
665 421 730 486 ista
740 420 898 485 electione
906 420 1053 484 volumus
1064 443 1141 499 csse,
1153 422 1241 503 quod
1252 432 1326 487 vota

174 506 376 593 singulorum
402 509 592 593 eligentium
609 509 644 571 in
660 509 731 593 ipsa
750 508 907 571 electione
934 506 1108 591 diligenter
1120 518 1161 571 >et
1182 507 1323 572 fideliter

174 593 416 656 examinabunt.
468 595 588 657 Coram
604 594 725 677 quibus
739 594 975 658 scrutatoribus
992 592 1180 656 videntibus
1197 603 1230 656 et
1249 616 1323 657 aus·
1335 619 1450 678 Scrutiny
1460 619 1490 665 of

173 678 374 743 cultantibus
389 681 499 744 caeteri
515 680 683 766 eligentes,
694 688 732 743 ut
742 679 965 765 praemittitur,
976 679 1163 757 examinati,
1174 689 1249 742 vota
1264 702 1323 744 sua
1335 683 1411 723 vote.

174 774 306 837 secrete,
317 765 509 849 simpliciter
519 777 552 830 et
567 765 748 852 sigillatim,
764 765 913 829 emittere
925 775 959 829 et
968 787 1007 829 ea
1018 765 1170 828 manibus
1180 767 1323 852 propriis

174 849 207 910 in
222 850 344 936 scripta
358 851 508 935 redigere
522 862 708 916 teneantur:
731 850 774 914 ad
789 850 877 937 quod
893 851 992 915 etiam
1001 849 1106 915 dictos
1117 860 1322 930 scrutatores,

172 957 233 1019 per
265 935 347 999 duos
376 937 516 1002 seniores
544 947 618 1023 post
646 960 699 1000 eos
727 937 902 1023 proximos,
929 935 1025 1000 modo
1053 959 1119 1023 quo
1147 936 1325 1022 praefertur
1357 984 1358 988 ,

172 1022 408 1107 peragendum,
431 1023 647 1110 jureJ'urando
675 1023 793 1086 arctari
820 1023 979 1088 volumus
1034 1021 1075 1085 In
1101 1045 1167 1108 quo
1188 1022 1323 1108 quidem

171 1108 340 1187 scrutinio,
348 1108 435 1172 inter
445 1109 549 1175 dictos
563 1118 758 1174 scrutatores
768 1108 1001 1173 communicato
1010 1119 1043 1172 et
1051 1108 1192 1172 fideliter
1201 1111 1319 1172 exami-

171 1204 258 1272 nato,
275 1195 304 1256 si
317 1195 485 1280 contingat
500 1218 599 1259 unam
613 1217 786 1281 personam
800 1205 875 1258 vota
894 1195 1039 1258 omnium
1063 1194 1257 1280 eligentium
1272 1194 1329 1259 vel'

171 1279 303 1364 majoris
320 1281 424 1365 partis
439 1281 617 1346 eorundem
632 1281 766 1360 habere,
783 1303 843 1367 pro
856 1282 958 1344 electo
972 1281 1151 1355 habeatur3
1169 1290 1203 1343 et
1217 1280 1325 1344 senior
1393 1283 1396 1286 ’
1463 1322 1475 1343 .

171 1363 333 1429 dictorum
354 1378 570 1433 scrutatorum
590 1368 698 1452 ipsum
715 1367 906 1431 scrutinium
923 1389 998 1431 mox
1011 1365 1052 1430 de
1065 1389 1206 1451 persona
1221 1367 1324 1431 electa

169 1451 317 1536 publicet
344 1462 377 1516 ct
400 1453 591 1538 pronuntiet
615 1454 650 1515 in
679 1453 850 1516 communi.
901 1452 1062 1538 Majorem
1090 1475 1167 1516 vero
1195 1462 1323 1537 partem
1336 1479 1507 1526 Definitionof

68 1543 71 1550 '
171 1537 396 1635 intelligimus,
416 1539 450 1601 in
467 1540 531 1602 ista
554 1539 711 1603 electione
734 1548 768 1601 et
789 1538 938 1600 omnibus
960 1537 1033 1600 aliis
1054 1537 1265 1601 electionibus
1289 1548 1323 1604 et
1335 1539 1456 1600 majority.

170 1623 311 1706 negotiis
325 1622 404 1688 dicti
411 1624 549 1711 collegii,
560 1647 631 1689 eam
647 1625 679 1687 in
696 1646 760 1706 qua
773 1646 927 1687 numerus
941 1623 1209 1687 consentientium
1222 1630 1324 1708 major

171 1718 223 1771 est
237 1731 334 1794 quam
348 1721 557 1788 caeterorum3
580 1710 634 1774 vel
656 1711 684 1773 si
707 1711 743 1773 in
761 1709 926 1793 aliquibus
944 1709 1096 1796 partibus
1120 1710 1164 1774 sit
1187 1710 1322 1796 aequalis
1345 1726 1349 1732 ’

150 1817 326 1877 ¹numerus
350 1795 543 1882 eligentium
566 1795 847 1874 consentientium,
875 1805 953 1860 tunc
982 1796 1068 1858 inter
1095 1795 1183 1881 ipsas
1211 1807 1323 1881 partes

171 1887 275 1965 major
284 1891 449 1945 censeatur
458 1882 516 1946 illa
526 1884 560 1946 in
571 1905 635 1966 qua
651 1892 701 1946 est
712 1905 883 1946 consensus
893 1881 1027 1945 senioris
1037 1881 1169 1945 illarum
1178 1882 1323 1968 partium

171 1967 360 2052 aequalium.
380 1967 827 2055 Factaveropronuntiatione
834 1967 993 2054 praedicta
1000 1967 1042 2030 de
1048 1966 1235 2031 hu'usmodi
1243 1968 1321 2032 elec·
1333 1989 1491 2041 Daunum
1506 2014 1511 2033 .

172 2052 268 2132 tione,
279 2054 450 2137 quamcito
462 2054 624 2119 commode
633 2054 845 2141 fieripoterit,
857 2055 888 2118 ei
898 2055 1069 2118 intimetur
1078 1991 1206 2118 electio:
1224 2077 1322 2137 quam
1334 2053 1445 2124 ⁹¹⁰⁰l⁵⁰¹¹2
1455 2051 1509 2157 ’ἓξ

170 2139 198 2200 si
208 2141 435 2225 acceptaverit,
447 2142 566 2212 statim,
577 2142 604 2204 si
613 2163 754 2226 praesens
765 2141 875 2216 fuerit,
884 2150 953 2212 aut,
962 2140 991 2202 si
1001 2140 1126 2217 absens,
1135 2140 1223 2204 intra
1231 2163 1321 2204 men·
1334 2124 1428 2230 iffi
1437 2125 1464 2157 ¹¹¹
1506 2142 1511 2149 '

170 2247 247 2300 sem,
258 2226 293 2289 in
308 2226 435 2311 capella
450 2226 530 2292 dicti
544 2226 682 2312 collegii,
694 2227 748 2289 die
763 2226 873 2309 aliquo
882 2236 916 2289 et
924 2224 1004 2287 hora
1012 2224 1093 2310 peri
1117 2247 1189 2288 sum
1196 2227 1323 2312 praesti-

172 2311 316 2390 tuendis,
331 2335 402 2375 cum
422 2312 680 2397 Viceprincipale
694 2321 728 2375 et
743 2312 893 2375 omnibus
908 2310 1008 2374 Sociis
1022 2319 1056 2374 et
1069 2249 1272 2376 scliclaribus
1288 2314 1324 2379 in

173 2397 395 2462 Universitate
411 2397 630 2483 praesentibus
648 2397 825 2460 conveniat.
873 2397 1032 2480 Tuncque
1053 2396 1323 2486 Viceprincipalis

172 2482 235 2555 rel,
250 2483 321 2567 ipso
343 2484 378 2545 in
401 2483 619 2568 Principalem
641 2483 750 2553 electo,
773 2481 879 2546 senior
902 2482 1023 2562 Socius,
1039 2485 1260 2571 genuflectens
1279 2487 1324 2550 sic

170 2567 278 2631 dicat:
296 2568 461 2631 “Salvum
475 2569 526 2631 fae
540 2591 667 2632 servum
682 2579 786 2644 tuum,
798 2568 968 2633 Domine.''
990 2572 1082 2654 Resp.
1101 2577 1121 2608 ‘⁶
1133 2573 1324 2636 Deusmeus
1381 2632 1383 2640 .

172 2663 356 2738 sperantem
367 2654 401 2716 in
412 2652 476 2718 te.''
494 2657 575 2719 Vers.
589 2661 608 2691 “
618 2654 774 2718 Dominus
783 2653 977 2718 vobiscum.''
988 2658 1051 2720 Res
1073 2705 1079 2720 .
1092 2663 1111 2694 “
1122 2657 1247 2721 Etcum
1256 2659 1323 2745 spi-

173 2739 241 2802 ritu
257 2739 347 2804 tuo.’'
367 2742 503 2805 Oramus.
521 2746 541 2777 “
553 2738 768 2824 Omnipotens
779 2751 814 2804 et
823 2741 1017 2825 sempiterne
1029 2681 1129 2820 llius,
1141 2744 1201 2827 qui
1210 2743 1280 2806 fons
1290 2754 1324 2809 et

172 2824 267 2889 dator
282 2848 316 2889 es
325 2828 484 2889 bonorum
500 2825 651 2904 omnium,
668 2826 727 2911 qui
742 2825 925 2889 humilibus
941 2825 1091 2911 gratiam,
1108 2827 1256 2912 parvulis
1271 2851 1322 2892 sa·
1374 2843 1378 2847 ’

171 2911 342 2996 pientiam,
356 2913 433 2976 etin
447 2911 511 2975 fide
520 2912 711 2997 petentibus
727 2934 747 2975 a
761 2922 795 2976 te
811 2911 973 2996 Spiritum
984 2921 1078 2974 tuum
1092 2912 1247 2976 Sanctum
1255 2914 1323 2978 lar-

172 2998 261 3081 giris,
281 2997 427 3076 concede,
444 3020 639 3082 quaesumus
656 3007 694 3061 ut
703 2997 846 3062 famulus
861 2997 913 3061 hic
932 3007 1021 3075 tuus,
1037 3020 1144 3081 quem,
1160 2997 1323 3084 dirigente

172 3092 216 3159 te,
232 3083 267 3145 in
279 3083 494 3170 Principalem
508 3095 542 3149 et
557 3084 809 3170 gubernatorem
824 3093 970 3148 nostrum
982 3083 1150 3176 elegimus,
1163 3084 1324 3150 bonitatis
1342 3120 1346 3127 ·

172 3190 251 3254 erga
264 3169 371 3254 ipsum
383 3181 419 3234 tu
424 3194 461 3243 ae,
475 3180 508 3233 et
518 3181 648 3256 spartae,
661 3193 757 3253 quam
766 3180 880 3234 nactus
895 3179 956 3240 est,
968 3191 1100 3245 memor,
1111 3169 1216 3234 indies
1227 3171 1324 3237 intui

170 3256 356 3340 cognitione
376 3256 533 3341 proficiat,
553 3256 765 3320 sanctissimae
783 3265 850 3320 tuae
874 3255 1039 3319 voluntati
1062 3256 1096 3319 in
1121 3256 1270 3322 omnibus
1288 3281 1324 3323 se

170 3341 397 3419 accommodet,
409 3341 548 3404 nominis
563 3343 615 3406 tui
629 3341 767 3427 gloriam
776 3340 935 3405 indefesse
944 3351 1080 3424 quaerat,
1090 3342 1250 3407 talentum
1259 3345 1323 3408 sibi

170 3427 391 3491 concreditum
399 3427 543 3491 fideliter
553 3426 729 3512 dispenset,
741 3449 875 3513 gregem
884 3427 919 3490 in
928 3426 988 3492 hoc
997 3428 1138 3515 collegio
1149 3428 1322 3515 depascen-

171 3523 249 3592 tem,
267 3513 394 3596 tibique
410 3523 444 3576 et
458 3513 628 3599 unigenito
640 3512 727 3576 Filio
739 3522 798 3576 tuo
809 3513 1059 3594 deserviturum,
1076 3515 1202 3579 solicite
1216 3527 1321 3602 regat,

171 3598 257 3680 quod
266 3605 395 3685 justum
405 3609 439 3662 et
449 3598 687 3682 aequumfuerit
696 3607 856 3686 perpetuo
866 3599 1019 3663 decernat
1028 3601 1099 3664 sine
1109 3622 1322 3686 personarum

171 3686 368 3770 acceptione,
385 3708 459 3768 quae
474 3685 518 3749 ad
533 3684 636 3770 ipsius
652 3683 792 3748 officium
809 3694 958 3770 spectant
975 3685 1088 3749 sedulo
1103 3685 1321 3768 administret,

170 3771 330 3834 universis
353 3772 473 3854 quibus
497 3770 670 3857 praeficitur
694 3771 789 3834 bonis
812 3772 967 3856 operibus
988 3771 1181 3856 praeluceat,
1197 3774 1321 3854 infide,

170 3857 318 3935 caritate,
328 3856 502 3942 patientia,
511 3855 774 3926 mansuetudine,
791 3857 976 3943 exemplum
991 3879 1026 3920 se
1040 3856 1172 3922 minime
1188 3859 1321 3923 erubes-

169 3942 307 4006 cendum
316 3943 596 4029 praebeat;sicque
605 3965 716 4005 omnes
724 3942 826 4027 ipsius
837 3942 1322 4028 ductumsequentes‚recteque

170 4028 256 4092 facta
282 4051 341 4115 per
363 4038 472 4092 toturn
497 4028 576 4092 vitae
605 4037 724 4092 nostrae
753 4051 768 4090 s
792 4027 897 4092 atium
927 4039 1114 4093 constanter
1142 4029 1321 4110 imitantes,

170 4137 286 4177 nomen
322 4125 415 4178 tuum
446 4123 480 4178 et
513 4114 577 4198 ipsi
613 4123 699 4177 recte
731 4051 879 4186 colimne,
909 4123 943 4178 et
971 4115 1013 4178 ab
1044 4114 1116 4178 aliis
1150 4114 1322 4180 colendum

170 4200 371 4263 declaremus
383 4202 417 4263 in
433 4199 548 4273 terris;
569 4210 607 4263 ut
623 4198 735 4284 gloriae
748 4209 815 4263 tuae
829 4200 1008 4285 participes
1023 4199 1156 4264 tandem
1165 4202 1279 4264 fiamus
1288 4204 1322 4266 in

171 4285 283 4361 coelis3
307 4308 367 4371 per
383 4286 562 4349 Dominum
578 4296 725 4349 nostrum
745 4285 861 4348 Jesum
879 4284 1058 4365 Christum,
1080 4286 1136 4369 qui
1156 4295 1263 4350 tecum
1287 4289 1322 4351 in

171 4371 297 4435 unitate
316 4371 429 4435 Sancti
447 4371 589 4456 Spiritus
603 4371 687 4434 vivit
706 4381 740 4434 et
755 4383 880 4456 regnat,
897 4371 989 4434 Deus
1005 4372 1039 4434 in
1052 4394 1181 4435 omnem
1196 4375 1323 4436 aeterni·

172 4466 281 4523 tatem.
314 4457 450 4522 Amen.''
482 4456 627 4529 ,Deinde
651 4468 808 4542 sequatur
836 4457 966 4538 litania,
992 4480 1063 4525 cum
1087 4456 1146 4522 hac
1176 4461 1322 4528 oratione
