3022 4874
603 239 710 321 Royal
726 237 878 303 Chartam.
1281 241 1320 309 31

172 407 351 480 Bradshaw,
366 419 397 472 et
411 409 559 493 quaelibet
575 408 634 472 alia
648 431 780 492 persona
790 408 994 494 imposterum
1011 412 1052 471 ad
1064 411 1198 473 eundem
1215 411 1319 474 locum

172 496 265 562 unius
280 495 361 560 Socii
376 497 431 567 sic,
447 506 482 557 ut
497 497 670 579 praefertur,
687 499 727 556 de
742 518 820 559 novo
836 496 956 558 fundati
974 495 1121 581 eligenda
1135 506 1167 558 et
1180 519 1333 584 appone-¹

171 583 299 651 tuanda,
315 583 373 645 erit
387 584 446 645 sub
470 584 581 644 eadem
597 582 783 665 obligatione
806 604 911 645 sacros
927 583 1047 644 ordines
1069 605 1164 666 super
1179 605 1212 645 se
1226 585 1322 645 susci-

171 666 280 749 piendi
303 689 376 729 cum
402 669 519 731 caeteris
544 668 646 730 Sociis
670 668 792 749 collegii
817 669 980 752 praedicti3
1007 668 1157 752 quoniam
1173 669 1206 730 id
1234 669 1321 732 nobis

172 752 276 815 visum
291 764 336 816 est
350 755 487 816 maxime
510 765 750 817 consentaneum
775 755 928 817 voluntati
953 767 985 816 et
1004 755 1166 818 intentioni
1182 755 1320 838 praedicti

175 836 299 900 Leolini
323 839 459 903 Jenkins.
506 841 559 919 Et,
576 841 717 914 ulterius,
741 864 799 925 pro
826 842 926 920 nobis,
943 841 1119 903 haeredibus
1143 851 1175 902 et
1197 863 1321 904 succes-

172 923 291 987 soribus
320 927 440 999 nostris,
465 948 524 1010 per
547 938 719 1011 praesentes,
749 926 903 1001 volumus,
933 927 1131 989 declaramus
1155 937 1186 988 et
1210 949 1321 989 conce·

170 1009 287 1089 dimus,
316 1011 412 1093 quod,
440 1013 695 1095 quandocunque
723 1012 896 1097 praedictus
929 1012 1018 1077 locus
1052 1012 1151 1092 Socii,
1182 1011 1320 1097 Anglice

172 1097 364 1182 Fellowship,
380 1098 508 1183 collegii
521 1098 676 1182 praedicti,
692 1122 750 1183 per
774 1099 830 1162 has
844 1099 953 1163 literas
968 1110 1090 1160 nostras
1111 1110 1268 1184 patentes,
1284 1114 1319 1162 ut
1378 1145 1381 1151 ·

170 1184 345 1264 praelertur‚
361 1184 402 1245 de
417 1206 495 1247 novo
508 1186 666 1257 fundatus,
682 1207 790 1248 vacare
807 1184 984 1269 contigerit,
997 1197 1076 1247 tunc
1090 1198 1122 1246 et
1132 1185 1224 1246 toties
1238 1187 1318 1248 bene

95 1297 96 1300 ¹
171 1266 285 1331 licebit
302 1269 466 1352 praedictis
484 1270 671 1354 Principali,
685 1271 789 1335 Sociis
805 1283 836 1334 et
851 1271 1054 1342 scholaribus,
1075 1269 1204 1356 collegii
1219 1270 1318 1343 illius,

172 1366 204 1415 et
218 1356 453 1419 successoribus
468 1356 545 1435 suis,
559 1358 600 1420 de
620 1370 760 1441 tempore
776 1357 810 1419 in
825 1368 959 1440 tempus,
976 1356 1094 1442 elig'ere
1108 1368 1139 1418 et
1155 1356 1320 1420 admittere

172 1461 267 1504 unam
290 1441 385 1503 aliam
411 1465 575 1526 personam
601 1444 642 1505 ad
659 1444 738 1505 etin
762 1443 950 1528 praedictum
966 1442 1073 1504 locum
1098 1441 1196 1514 Socii,
1212 1442 1269 1515 sic,
1284 1456 1320 1506 ut

172 1529 344 1608 praelertur,
360 1529 400 1589 de
425 1550 502 1592 novo
516 1529 689 1600 fundatum,
707 1543 801 1610 Juxta
822 1528 1045 1606 ordinationes,
1062 1529 1186 1608 regulas
1211 1542 1243 1589 et
1258 1543 1338 1591 sta·

172 1625 251 1690 tuta,
278 1613 407 1698 collegii
438 1613 596 1698 praedicti,
625 1613 659 1675 in
689 1637 727 1676 ea
752 1627 840 1699 parte
872 1612 979 1676 debite
1005 1614 1135 1677 sancita.
1188 1613 1319 1676 Proviso

172 1718 306 1780 semper,
323 1710 354 1761 et
375 1721 430 1783 per
452 1714 628 1783 praesentes,
644 1722 699 1783 pro
723 1700 825 1772 nobis,
851 1700 1029 1763 haeredibus
1040 1711 1070 1762 et
1090 1700 1321 1763 successoribus

171 1784 295 1863 nostris,
318 1785 451 1848 ulterius
476 1786 620 1848 volumus
645 1797 676 1847 et
699 1787 894 1863 ordinamus,
910 1787 996 1869 quod
1019 1807 1160 1869 personae
1184 1786 1225 1848 ad
1240 1808 1317 1869 proe·

173 1869 294 1932 dictum
308 1871 414 1933 locum
431 1871 531 1950 Socii,
548 1872 606 1951 sic,
621 1884 654 1935 ut
670 1874 842 1956 praefertur,
856 1873 898 1934 de
922 1895 999 1936 novo
1016 1874 1185 1951 fundatum,
1198 1872 1319 1955 impos-

170 1966 274 2017 terum
305 1957 470 2044 eligendae,
497 1958 561 2021 sint
584 1969 614 2021 et
637 1972 727 2021 erunt
748 1959 923 2022 alternatim
949 1981 988 2020 ex
1012 1981 1077 2021 uno
1108 1959 1317 2021 comitatuum

174 2041 300 2105 Walliae
322 2043 465 2107 Borealis
490 2057 522 2107 et
546 2044 672 2107 Walliae
699 2045 863 2109 Australis
879 2044 1043 2130 (comitatu
1069 2044 1260 2106 Moumouth
1285 2044 1319 2105 in

171 2126 289 2191 Wallia
315 2131 462 2193 Australi
486 2131 635 2194 inclusive
660 2132 842 2213 existente),
865 2129 991 2192 scilicet
1014 2151 1076 2191 una
1100 2130 1168 2190 vice
1191 2151 1230 2190 ex
1256 2151 1319 2192 uno

171 2214 378 2279 comitatuum
395 2217 521 2280 Walliae
547 2216 698 2294 Borealis,
713 2224 746 2280 et
769 2218 865 2280 altera
879 2216 947 2277 vice
969 2238 1008 2277 ex
1023 2235 1086 2275 uno
1109 2213 1318 2277 comitatuum

176 2299 299 2364 Walliae
325 2301 494 2380 Australis,
509 2315 541 2364 et
567 2302 615 2363 sic
629 2302 758 2364 alternis
784 2301 909 2364 vicibus
931 2299 1095 2383 perpetuis
1110 2300 1225 2364 suturis
1239 2310 1320 2363 tem·

171 2388 303 2469 poribus
318 2389 483 2470 eligendae.
531 2387 583 2462 Et,
600 2387 741 2466 ulterius,
757 2411 814 2470 pro
834 2386 934 2464 nobis,
950 2385 1127 2449 haeredibus
1149 2397 1181 2449 et
1195 2409 1319 2449 succes-

171 2472 293 2535 soribus
309 2473 433 2552 nostris,
448 2473 602 2551 volumuS,
625 2473 828 2536 concedimus
841 2484 873 2534 et
896 2473 1092 2544 ordinamus,
1108 2474 1202 2556 quod,
1217 2496 1320 2556 quan·

171 2559 337 2640 docunque
361 2557 479 2640 aliquis
494 2560 636 2621 locorum
662 2559 863 2630 scholarium,
879 2558 1019 2641 Anglice
1037 2561 1245 2645 scholorslttps,
1259 2560 1317 2631 sic,

172 2656 207 2703 ut
229 2644 403 2726 praefertur,
428 2645 468 2706 de
493 2665 573 2706 novo
596 2645 808 2717 fundatorum,
832 2668 944 2708 vacare
973 2644 1153 2726 contigerit,
1178 2657 1256 2707 tunc
1286 2661 1319 2707 et

171 2729 265 2792 toties
280 2751 340 2790 una
356 2730 454 2792 altera
475 2752 610 2813 persona
633 2731 672 2793 de
698 2744 835 2813 tempore
850 2731 882 2793 in
896 2743 1020 2814 tempus
1046 2731 1209 2792 nominata
1223 2732 1319 2794 fuerit

170 2837 227 2898 per
242 2814 459 2898 Principalem
476 2815 604 2900 collegii
616 2817 772 2898 praedicti,
788 2840 847 2900 pro
866 2830 1003 2901 tempore
1017 2816 1209 2892 existentem,
1225 2831 1317 2897 prout

170 2901 437 2965 exhibitionarius
462 2901 576 2964 scholae
602 2902 832 2989 Cowbrigiensi
856 2915 1021 2986 spectans3
1043 2902 1135 2964 modo
1159 2901 1318 2965 nominata

169 2987 212 3050 sit
226 2989 514 3052 secundumveram
530 2988 735 3053 intentionem
753 2988 907 3074 praedictae
920 2986 1085 3051 voluntatis
1095 2986 1175 3049 dicti
1192 2986 1319 3050 Leolini

171 3073 319 3159 {salsina
334 3085 365 3137 et
387 3074 488 3138 electa
503 3088 534 3138 et
561 3076 735 3159 approbata
750 3077 841 3139 luerit
862 3098 920 3159 per
943 3074 1054 3138 Socios
1069 3071 1199 3159 collegii
1214 3072 1316 3154 illius,

169 3168 261 3241 prout
277 3159 310 3221 in
334 3160 552 3224 consimilibus
568 3162 691 3225 casibus
717 3165 870 3225 usitatum
884 3163 983 3224 fuerit.
1030 3160 1160 3224 Proviso
1185 3182 1315 3243 semper,

170 3246 255 3328 quod
285 3246 434 3329 quaelibet
465 3269 604 3330 persona,
642 3248 689 3309 sic
716 3259 751 3310 ut
779 3248 891 3310 ultimo
919 3247 1090 3330 praefertur,
1119 3247 1316 3325 nominanda,

170 3333 315 3416 eligenda
338 3343 369 3393 et
390 3334 604 3415 approbanda,
624 3332 657 3393 in
675 3333 782 3396 schola
807 3332 1037 3418 Cowbrigiensi
1060 3332 1195 3394 educata
1213 3333 1316 3398 luerit.

172 3417 224 3491 Et,
241 3418 380 3489 ulterius,
397 3420 436 3480 de
451 3419 580 3482 uberiori
595 3419 695 3504 gratia
708 3428 822 3495 nostra,
838 3441 874 3482 ac
888 3443 926 3481 ex
940 3431 1024 3483 certa
1039 3418 1169 3481 scientia
1184 3430 1213 3480 et
1229 3441 1316 3482 mero

171 3515 256 3566 motu
280 3505 404 3583 nostris,
429 3503 573 3567 dedimus
597 3518 629 3568 et
657 3505 877 3580 concessimus,
902 3528 948 3584 ac,
977 3528 1035 3589 per
1058 3518 1233 3588 praesentes,
1259 3526 1317 3587 pro

170 3591 269 3670 nobis,
299 3591 473 3653 haeredibus
504 3602 533 3652 et
563 3592 789 3656 successoribus
819 3593 941 3661 nostris,
972 3594 1085 3653 damus
1115 3603 1146 3652 et
1175 3592 1318 3653 concedi-

170 3700 251 3750 mus,
281 3677 440 3760 praedictis
472 3676 653 3760 Principali,
684 3676 784 3742 Sociis
811 3688 841 3738 et
864 3677 1067 3756 scholaribus,
1095 3675 1214 3758 collegii
1237 3676 1317 3740 Jesn

169 3764 254 3826 inira
267 3764 419 3827 civitatem
435 3775 466 3824 et
485 3762 722 3826 Universitatem
748 3764 890 3836 Oxoniae,
917 3786 956 3824 ex
979 3762 1160 3825 fundatione
1184 3762 1317 3848 Reginae

171 3849 375 3929 Etizabethae,
400 3859 433 3913 et
447 3850 680 3914 successoribus
705 3849 778 3923 suis,
803 3848 959 3913 licentiam
981 3867 1119 3911 nostram
1144 3849 1316 3931 specialem

169 3959 206 3997 ac
221 3937 357 4020 plenam,
372 3935 503 3998 liberam
518 3946 549 3997 et
564 3934 685 3997 licitam
708 3934 896 4006 facultatem,
919 3945 1103 4018 potestatem
1128 3947 1159 3997 et
1183 3937 1316 3997 auctori-

168 4033 277 4101 tatem,
292 4022 503 4106 perquirendi,
520 4021 667 4100 habendi,
686 4021 832 4103 capiendi
852 4035 882 4083 et
905 4021 1092 4103 possidendi,
1117 4021 1162 4082 eis
1189 4031 1220 4083 et
1243 4044 1317 4083 suc·

169 4108 344 4171 cessoribus
360 4109 433 4185 suis,
448 4107 556 4169 omnia
570 4120 600 4169 et
616 4106 745 4191 singula
766 4118 874 4180 terras,
898 4116 1071 4168 tenementa
1094 4117 1125 4166 et
1150 4106 1316 4169 haeredita·

169 4206 283 4266 menta,
307 4216 381 4256 cum
395 4193 598 4278 peutinentiis,
623 4192 880 4277 perpraedictum
894 4203 1113 4255 testamentum
1128 4205 1159 4253 et
1175 4192 1315 4255 ultimam

170 4279 361 4342 voluntatem
383 4280 522 4363 praedicti
546 4280 706 4343 Edmundi
731 4278 874 4362 Meyrick
902 4280 955 4356 sic,
979 4289 1014 4338 ut
1040 4278 1210 4360 praefertur,
1233 4279 1319 4341 devi-

169 4378 247 4443 sata,
278 4389 333 4428 seu
370 4366 560 4427 mentionata
597 4387 664 4427 esse
702 4364 851 4442 devisata,
879 4364 914 4426 in
943 4364 1060 4426 fiducia
1092 4385 1151 4446 pro
1186 4362 1317 4448 collegio

168 4451 329 4532 praedicto,
352 4474 408 4514 seu
438 4450 611 4533 aliqualiter
633 4473 691 4534 pro
714 4451 867 4514 beneficio
889 4449 1051 4532 ejusdem3
1077 4472 1113 4512 ac
1129 4450 1223 4511 etiam
1243 4472 1316 4534 per-

1404 4548 1448 4587 ,Δ
