3022 4874
271 257 314 326 74
554 253 844 338 StatatescffJesus
863 249 990 336 Collega,
1011 249 1137 336 cherd.

270 426 338 482 tam
361 415 566 502 negligenter
589 435 623 478 se
651 412 797 514 gesserit,
822 420 862 477 nt
886 411 928 476 de
952 410 1117 476 tolerabili
1144 415 1215 497 ejus
1243 431 1423 510 progressu

270 503 432 589 desperari
447 501 564 566 merito
578 510 690 586 possrt,
705 499 866 577 volumus,
878 508 916 562 ut
928 521 948 562 a
957 498 1043 563 dicto
1059 497 1197 584 collegio
1209 508 1243 562 et
1253 497 1424 573 Societate,

270 598 345 674 post
370 588 490 651 trinam
514 587 721 651 monitionem
737 608 797 673 per
820 585 1038 685 Principalem
1054 595 1096 663 et,
1113 607 1150 648 co
1165 586 1310 663 absente,
1326 583 1425 650 Vice-

270 673 495 761 principalem,
505 695 577 738 cum
587 694 743 737 consensu
755 672 921 736 Sociorum
932 694 965 735 rn
979 672 1199 736 Universitate
1214 673 1424 758 praesentium

269 761 322 825 vel
336 760 465 846 majoris
475 759 579 844 partis
589 759 776 837 eorundem,
792 766 993 823 amoveatur.
1037 757 1197 822 Similiter
1207 779 1337 840 quoque
1349 782 1424 823 cum

271 869 309 911 eo
323 847 378 932 agi
393 845 551 925 volumus,
563 868 657 929 quem
666 844 884 919 homicidium,
899 844 1034 923 furtum,
1045 844 1204 930 rapinam,
1215 844 1425 916 adulterium,

271 933 466 1020 perjurium,
475 931 680 1018 sacrilegium
696 931 748 996 vel
758 931 939 1009 simoniam,
949 953 1006 995 seu
1023 952 1159 1030 gravem
1170 930 1299 1016 lapsum
1309 931 1423 1011 carnis,

271 1019 325 1083 vel
332 1019 430 1083 aliam
440 1029 550 1084 notam
562 1018 780 1117 turpitudinis
789 1016 891 1102 (quod
899 1017 985 1081 absit
993 1020 1015 1102 l)
1025 1039 1189 1080 mcurrere
1198 1016 1378 1103 contigerit,
1391 1027 1426 1082 et.

272 1106 330 1192 qui
349 1105 538 1192 noctivagus
552 1104 662 1184 fuemt,
679 1114 713 1169 et
728 1104 784 1187 qui
798 1126 908 1168 muros
923 1103 1002 1168 dicti
1025 1103 1154 1190 collegii
1176 1102 1349 1181 scanderit,
1366 1111 1426 1168 aut

270 1191 364 1255 aliud
397 1214 496 1278 grave
535 1191 688 1255 delictum
723 1190 929 1268 commiserit,
958 1211 1018 1276 per
1047 1189 1134 1274 quod
1166 1212 1232 1253 non
1263 1188 1425 1254 mediocre

270 1277 460 1342 scandalum
484 1278 518 1341 in
536 1277 622 1342 dicto
642 1277 777 1376 collegio
797 1277 867 1340 sive
886 1286 981 1341 extra
1001 1275 1103 1340 suerit
1133 1276 1338 1352 suscitatum,
1364 1286 1424 1342 aut

270 1364 398 1428 rixosus
422 1374 481 1428 aut
505 1365 694 1450 jurgiorum
723 1374 808 1427 mter
833 1363 941 1427 Socios
964 1363 1016 1426 vel
1039 1384 1105 1425 non
1129 1362 1236 1426 Socios
1250 1364 1425 1427 suscitator

272 1450 384 1515 creber
403 1451 562 1529 extiterit,
577 1473 637 1514 seu
659 1449 755 1514 aliter
770 1472 805 1513 se
818 1449 1057 1513 intolerabilem
1072 1449 1106 1511 in
1117 1448 1199 1511 colle
1225 1449 1254 1511 ὀ
1268 1449 1424 1533 praedicto

271 1537 450 1602 ostenderit
462 1564 470 1613 ;
484 1547 656 1623 postquam
672 1535 714 1600 de
730 1537 839 1620 aliquo
849 1536 1108 1622 ‘praemissorum
1122 1556 1182 1622 per
1199 1471 1276 1598 lalcti
1291 1534 1424 1599 eviden-

272 1623 364 1701 tiam,
380 1624 611 1688 confessionem
626 1623 796 1709 propriam,
813 1632 913 1686 testes
928 1622 1071 1700 idoneos,
1086 1644 1143 1685 seu
1160 1622 1306 1704 quemvis
1321 1621 1424 1685 alium

272 1709 406 1773 modum
425 1710 617 1796 legitimum,
632 1709 821 1772 constiterit.
867 1709 902 1772 Si
915 1730 987 1772 vero
1002 1706 1044 1771 de
1059 1707 1169 1791 aliquo
1187 1708 1424 1793 premissorum

59 1799 237 1858 Pergamum
273 1793 370 1858 medo
398 1795 548 1881 legitimo
572 1817 637 1858 non
667 1795 860 1873 constiterit,
890 1794 948 1858 sed
971 1794 1013 1857 de
1042 1794 1151 1877 aliquo
1182 1794 1425 1879 praemissorum

57 1858 225 1976 &ispumans-
272 1880 489 2030 probabiliter
510 1880 687 1945 secundum
705 1880 869 1965 Judicium
886 1880 1079 1979 Principalis
1094 1881 1137 1944 sit
1157 1891 1337 1965 suspectus,
1355 1891 1425 1945 tum

302 1967 466 2119 rincippgis
481 1968 634 2066 injungat
648 1966 679 2029 ei
699 1966 1134 2052 purgationem,-adrgatque
1149 1967 1194 2030 ad
1208 1966 1425 2034 inducendum

272 2052 354 2118 duos
437 2053 484 2118 ios
509 2054 589 2117 dictr
618 2052 757 2139 collegii,
783 2053 902 2118 detali
931 2053 1050 2117 delicto
1072 2075 1136 2116 non
1157 2064 1342 2140 suspectos3
1369 2053 1426 2136 qui

267 2141 441 2226 jurabunt,
458 2140 554 2205 tactis
592 2161 627 2202 er
642 2139 728 2224 ipsos
740 2149 774 2202 et
788 2139 933 2224 ipsorum
948 2139 1126 2222 quemlibet
1140 2139 1345 2203 sacrosanctis
1359 2140 1427 2203 Dei

275 2227 475 2313 Evangeliis,
492 2163 591 2310 quodp
601 2225 736 2289 credant
757 2225 923 2304 delictum,
940 2225 980 2289 de
1003 2247 1067 2310 quo
1083 2226 1126 2289 sit
1146 2225 1295 2310 suspicio,
1318 2227 1426 2311 ipsum

274 2335 338 2377 non
354 2313 557 2389 commisisse,
570 2312 628 2376 sed
651 2321 819 2397 suspectus
838 2311 1032 2398 simpliciter
1049 2308 1136 2394 quod
1159 2310 1242 2376 illud
1260 2333 1325 2374 non
1344 2334 1426 2375 com·

274 2397 383 2475 misit;
413 2420 508 2481 quem
530 2398 624 2461 sisic
646 2420 709 2461 non
732 2396 854 2469 fecerit,
878 2397 1067 2482 apraedicto
1091 2397 1234 2484 collegio,
1248 2396 1346 2461 modo
1362 2421 1427 2480 quo

276 2483 478 2549 antedictum
499 2494 557 2558 est,
574 2483 789 2547 amovendum
806 2483 1018 2547 decernimus.
1064 2484 1102 2546 In
1118 2483 1297 2548 levioribus
1314 2493 1426 2548 autem

59 2583 209 2643 Lrghterof-
275 2569 415 2648 delictis,
445 2569 628 2634 excessibus
657 2580 691 2633 et
721 2569 919 2641 criminibus,
944 2571 1013 2633 sive
1043 2570 1289 2656 suspicionibus,
1312 2570 1427 2635 leviori

57 2641 150 2690 renas.
275 2655 381 2735 modo,
392 2666 426 2720 et
440 2655 618 2720 secundum
633 2655 792 2718 commissi
807 2667 841 2720 et
855 2656 967 2721 delicti
978 2656 1179 2740 qualitatem,
1191 2679 1249 2744 per
1260 2657 1427 2741 Principa-

275 2741 339 2806 lem
355 2754 423 2822 aut,
439 2765 477 2807 eo
491 2742 635 2813 absente,
653 2742 944 2828 Viceprincipalem
959 2742 1162 2842 procedatur,
1180 2742 1328 2808 adhibita
1343 2765 1428 2807 nunc

274 2829 380 2909 unica,
410 2852 498 2894 nunc
533 2829 647 2903 altera,
674 2851 761 2892 nunc
793 2829 894 2892 etiam
930 2838 1015 2893 trrna
1044 2828 1273 2906 admonitione,
1304 2829 1426 2915 partim

274 2916 439 3001 privatim,
464 2915 585 3002 partim
610 2937 716 2978 coram
741 2915 889 2992 testibus,
911 2915 965 2979 vel
985 2937 1050 2978 uno
1065 2915 1128 2993 vel,
1153 2915 1181 2977 si
1206 2936 1288 2999 opus
1311 2914 1425 2993 fuerit,

273 3002 436 3088 pluribus.
491 3002 531 3065 ln
556 3001 674 3084 quibus
699 3001 728 3064 si
750 3024 785 3064 se
807 3001 944 3085 penitus
967 3001 1216 3088 incorrigibilem
1235 2999 1425 3080 ostenderit,

274 3088 424 3152 volumus
446 3110 521 3152 eum
543 3109 564 3150 a
587 3086 723 3173 collegio
744 3087 900 3186 praedicto
921 3087 1073 3151 similiter
1097 3085 1246 3150 amoveri.
1293 3086 1331 3150 Si
1349 3109 1426 3151 vero

275 3173 415 3257 aliquem
431 3174 593 3240 Sociorum
612 3173 783 3236 incurabili
802 3175 915 3237 morbo
931 3174 984 3237 vel
1003 3173 1196 3260 contagioso,
1212 3181 1251 3236 ut
1264 3172 1358 3258 lepra
1372 3173 1425 3237 vel

61 3274 202 3346 Arlowanoe
212 3276 238 3318 to
275 3259 433 3324 consimili
449 3259 550 3346 (quod
562 3260 649 3324 absit
660 3260 692 3345 l),
709 3258 793 3323 infici
810 3260 996 3346 contigerit,
1012 3282 1054 3324 ne
1068 3260 1178 3324 caeteri
1191 3258 1357 3323 laesionem
1372 3259 1426 3323 vel

59 3333 262 3439 fflfflffies.
274 3346 480 3410 infectionem
512 3368 577 3493 per
612 3368 687 3409 eum
721 3346 900 3432 patientur,
928 3369 948 3411 a
979 3345 1217 3411 cohabitatione
1249 3345 1425 3422 Sociorum,

274 3453 464 3515 quocunque
473 3455 513 3494 vo
526 3432 613 3494 uerit
627 3454 662 3494 se
671 3432 758 3494 intra
773 3453 912 3516 regnum
924 3432 1057 3518 Angliae
1067 3432 1224 3511 divertat,
1237 3442 1271 3496 et
1285 3452 1345 3517 pro
1349 3429 1426 3514 jure

275 3518 446 3582 Societatis
473 3516 663 3598 (dummodo
685 3525 772 3580 caste
795 3518 924 3596 vixerit,
951 3540 1010 3581 nec
1035 3518 1241 3581 matrimonio
1256 3517 1431 3602 copulatus

274 3604 384 3683 fuerit,
400 3625 459 3666 nec
475 3623 631 3666 summam
655 3603 766 3666 decem
790 3603 949 3667 librarum
967 3603 1148 3667 ullomodo
1167 3603 1351 3691 expendere
1365 3625 1427 3690 per

275 3711 393 3754 annum
413 3687 534 3767 valeat)
554 3688 770 3774 quadraginta
789 3688 907 3752 solidos
923 3689 1104 3768 annuatim,
1120 3699 1155 3753 et
1175 3711 1240 3754 non
1264 3689 1361 3768 ultra,
1385 3689 1426 3754 de

203 3837 207 3845 .
275 3777 368 3840 bonis
382 3774 463 3839 dicti
481 3774 611 3861 collegii
631 3775 812 3861 percipiat3
835 3776 940 3839 itaut
962 3777 996 3839 in
1018 3776 1117 3839 nullis
1139 3775 1267 3861 collegii
1288 3775 1427 3860 negotiis

275 3862 407 3947 aliquod
422 3870 581 3947 praeterea
599 3865 654 3946 jus
670 3862 723 3925 vel
743 3862 895 3926 interesse
919 3861 1051 3926 habeat.
1098 3862 1267 3941 Volumus,
1283 3861 1426 3948 insuper,

59 3976 97 4022 Ex
116 3973 245 4020 ulrronsor
274 3958 313 4013 ut
341 3947 525 4036 percutiens
548 3947 773 4033 Principalem,
800 3948 985 4033 Viceprinci
1010 3948 1106 4027 alem,
1137 3957 1195 4012 aut
1224 3954 1295 4034 ejus
1323 3948 1425 4013 vicem

59 3990 248 4139 scnlrngorrin-
277 4044 452 4123 gerentem,
473 4034 545 4120 ipso
558 4033 642 4098 facto
655 4057 676 4098 a
691 4034 827 4120 collegio
843 4035 886 4098 sit
902 3971 1078 4120 expulsum
1101 4034 1164 4096 nisi
1178 4034 1374 4120 Principalis
1393 4044 1428 4099 et

60 4094 132 4153 ψῃ
177 4124 183 4136 ’
276 4122 376 4208 major
398 4143 475 4206 pars
500 4121 664 4184 Sociorum
687 4121 721 4183 in
738 4119 959 4184 Universitate
982 4119 1191 4205 praesentium
1209 4119 1428 4205 judicaverint

276 4209 372 4274 aliter
386 4229 484 4293 quam
507 4229 568 4294 per
589 4206 811 4293 expulsionem
831 4206 1047 4293 puniendum,
1064 4216 1107 4284 et,
1122 4206 1272 4278 ulterius,
1292 4227 1426 4291 poenem

60 4298 240 4369 Re-mmissron
275 4294 494 4382 pecuniariam
517 4293 550 4356 in
570 4293 704 4357 statutis
718 4291 799 4355 dicti
814 4292 943 4378 collegii
962 4292 1136 4358 limitatam
1155 4292 1265 4356 subire
1279 4300 1314 4355 et
1330 4292 1426 4355 susti·

58 4361 246 4465 ffihgsstfifflg
274 4405 351 4446 nere
367 4382 495 4446 faciant.
542 4379 640 4458 Item,
650 4377 801 4442 volumus
816 4379 905 4463 quod
914 4378 1028 4441 nullus
1043 4387 1220 4464 spontanee
1236 4374 1391 4444 recedens
1407 4399 1427 4442 a

58 4477 120 4537 lere·
273 4467 360 4532 dicto
374 4466 518 4552 collegio,
535 4474 569 4530 et
583 4466 617 4529 in
630 4463 722 4529 aliud
734 4463 907 4550 collegium
922 4464 976 4528 vel
991 4464 1101 4529 aulam
1117 4464 1289 4544 admissus,
1303 4463 1425 4530 iterum
