3022 4874
206 270 250 338 28
590 274 683 336 Jesus
702 272 829 357 Colleye,
851 272 979 358 Oaford.

207 445 307 528 legii3
346 444 493 527 quodque
523 445 685 506 residuum
715 455 813 508 status
843 444 894 507 sui
923 444 1104 506 devisaverit
1134 466 1191 526 pro
1220 445 1362 528 augendo

208 531 259 594 vel
284 530 468 614 ampliando
493 529 735 610 exhibitionem,
765 530 986 593 allocationem
1015 540 1047 590 et
1075 530 1278 609 dotationem,
1306 555 1363 614 per

209 617 317 701 ipsum
344 627 416 678 ante
438 629 512 678 tunc
540 617 663 687 laetam,
689 616 735 678 vel
758 641 817 700 pro
841 617 997 679 fundando
1020 617 1128 698 plures
1152 617 1363 680 additionales

209 704 293 765 locos
323 702 488 768 Sociorum
518 712 546 763 et
575 702 779 781 scholarium,
802 702 939 774 Anglice
965 705 1162 787 Fellowsln'ps
1191 707 1256 767 und
1280 707 1362 768 scleo-

208 790 355 873 Iarsltips,
388 788 437 850 vel
470 787 545 850 aliis
576 788 716 870 publicis
753 803 783 850 et
816 788 882 871 piis
918 788 1037 867 usibus,
1062 789 1144 850 inlra
1172 788 1363 872 praedictum

209 875 400 960 collegium3
423 875 579 958 quodque,
603 896 685 936 anno
709 874 845 937 Domini
874 873 1048 936 millesimo
1077 875 1301 938 sexcentesimo
1331 887 1363 936 et

208 960 401 1042 octogesimo
425 971 522 1038 sexto,
554 961 698 1043 quaedam
724 960 854 1023 licentia
879 964 1008 1023 obtenta
1038 960 1131 1023 fuerit
1159 963 1216 1025 sub
1240 959 1361 1042 Magno

209 1045 327 1132 Sigillo
343 1047 479 1126 Angliae,
495 1069 552 1130 per
574 1070 668 1130 quam
695 1047 798 1130 plenae
821 1058 990 1130 potestates
1012 1059 1043 1109 et
1068 1048 1265 1109 auctoritates
1288 1070 1361 1108 con-

210 1155 305 1195 cessae
320 1136 446 1195 fuerunt
460 1132 623 1216 praedictis
648 1133 837 1217 Principali,
858 1133 961 1196 Sociis
977 1146 1007 1194 et
1024 1133 1231 1212 scholaribus,
1247 1143 1277 1195 et
1291 1156 1362 1194 suc-

210 1219 387 1280 cessoribus
401 1219 477 1297 suis,
489 1241 547 1302 pro
562 1232 701 1302 tempore
713 1219 931 1297 existentibus,
948 1242 1060 1304 capere
1074 1232 1105 1282 et
1121 1221 1266 1303 accipere
1282 1242 1361 1302 prae·

210 1305 327 1367 dictam
351 1304 548 1367 donationem
572 1305 718 1387 praedicti
742 1305 871 1368 Leolini
886 1307 1031 1384 Jenkins‚
1048 1327 1143 1388 super
1166 1304 1364 1368 conditiones

210 1407 240 1452 et
255 1401 370 1453 statuta
385 1403 600 1475 appunctuata
621 1391 655 1452 in
669 1391 828 1454 voluntate
843 1415 899 1454 sua
923 1393 1086 1475 praedicta,
1103 1414 1166 1454 una
1181 1415 1254 1453 cum
1269 1393 1364 1474 plena

210 1487 365 1559 potestate
387 1490 418 1538 et
438 1477 620 1539 auctoritate
634 1477 754 1559 erigere
769 1491 801 1539 et
819 1479 960 1541 stabilire
984 1478 1153 1562 praedictos
1178 1479 1257 1540 duos
1278 1476 1363 1538 locos

211 1563 387 1642 Sociorum,
397 1562 532 1646 Anglice
545 1565 752 1649 Fellowsltips,
768 1565 942 1626 secundum
959 1578 1096 1627 tenorem
1112 1578 1144 1626 et
1158 1563 1362 1625 directionem

208 1649 380 1712 voluntatis
402 1673 486 1726 suae3
508 1650 653 1733 quodque
680 1651 841 1712 residuum
869 1662 968 1713 status
996 1650 1187 1734 Principali,
1209 1649 1313 1714 Sociis
1333 1663 1364 1711 et

209 1735 417 1813 scholaribus
434 1735 561 1816 collegii
576 1735 736 1818 praedicti,
756 1760 815 1820 per
838 1737 1027 1819 praedictum
1044 1737 1213 1800 Leolinum
1228 1736 1249 1798 J
1252 1736 1364 1798 enhins

210 1820 349 1902 legatum
373 1822 584 1904 (temporariis
614 1822 763 1885 oneribus
785 1823 955 1906 superinde
969 1823 1185 1884 determinatis
1201 1822 1363 1884 existenti·

210 1906 284 1992 bus)
299 1908 339 1969 ad
353 1929 491 1989 praesens
505 1907 660 1971 sufficiens
675 1909 717 1970 sit
727 1911 766 1970 ad
778 1908 1043 1972 manutenendum
1053 1931 1152 1969 unum
1162 1908 1262 1969 alium
1272 1908 1363 1968 addi-

211 1992 359 2055 tionalem
369 1993 510 2072 Socium,
527 2004 557 2054 et
572 1994 651 2057 duos
666 2017 759 2057 novos
773 1996 857 2057 locos
866 1994 1068 2072 scholarium,
1079 1993 1217 2077 Anglice
1228 1995 1363 2056 scholar·

210 2081 304 2164 ships,
327 2081 497 2143 secundum
523 2080 729 2144 intentionem
753 2081 904 2143 testatoris
929 2080 1094 2164 praedicti;
1120 2080 1173 2140 sed
1197 2078 1286 2140 nulla
1306 2102 1362 2139 ex-

211 2187 317 2248 pressa
337 2165 494 2228 mentione
521 2169 601 2228 lacta
623 2167 706 2229 ultra
728 2167 956 2229 additionalem
980 2166 1086 2227 locum
1111 2164 1209 2244 Socii,
1227 2164 1363 2250 Anglice

212 2254 404 2337 Fellowsltip‚
428 2275 485 2314 nec
509 2252 664 2315 dictorum
680 2255 814 2316 duorum
836 2253 977 2315 locorum
998 2251 1201 2331 scholarium,
1224 2251 1363 2333 Anglice

208 2339 422 2421 scholarslnpa
451 2338 486 2399 in
514 2339 666 2421 praedicta
695 2339 795 2422 priori
819 2338 959 2418 licentia,
983 2338 1190 2422 Principalis,
1220 2337 1308 2399 Socii
1332 2353 1364 2399 et

210 2423 376 2502 scholares,
393 2422 521 2505 collegii
543 2424 690 2507 praedicti
714 2425 940 2488 abstinuissent
955 2428 995 2487 ab
1012 2425 1158 2506 eligendo
1179 2448 1232 2487 seu
1248 2424 1362 2485 admit-

212 2509 306 2571 tendo
332 2510 409 2570 tales
427 2531 523 2571 novos
543 2510 749 2572 additionales
768 2510 879 2574 Socios
904 2512 950 2574 vel
975 2511 1140 2582 scholares,
1164 2514 1282 2594 absque
1308 2534 1362 2572 ex·

211 2616 319 2678 pressa
333 2593 465 2657 licentia
478 2606 506 2657 et
521 2595 703 2658 auctoritate
719 2619 775 2680 per
789 2620 845 2658 nos
861 2597 1067 2660 concedenda.
1112 2598 1259 2680 Cumque
1274 2597 1364 2658 Prin·

211 2680 338 2763 cipalis,
351 2680 438 2743 Socii
451 2696 482 2742 et
497 2681 666 2761 scholares,
681 2682 814 2763 collegii
823 2683 980 2766 praedicti,
1002 2705 1059 2766 per
1072 2683 1260 2766 petitionem
1275 2706 1363 2746 suam

211 2767 398 2851 praedictam
413 2767 545 2830 ulterius
566 2767 657 2830 nobis
681 2769 872 2832 ostenderint
895 2771 978 2853 quod
1000 2770 1187 2831 Edmundus
1205 2768 1363 2853 Meyriclt‚

212 2853 356 2932 clericus,
370 2877 472 2938 nuper
487 2855 697 2918 thesaurarius
710 2855 854 2918 ecclesiae
874 2853 1064 2916 cathedralis
1080 2856 1116 2916 M
1120 2854 1291 2930 enevensis,
1306 2876 1364 2936 per

212 2951 430 3004 testamentum
469 2953 498 3003 et
537 2941 684 3004 ultimam
713 2942 900 3004 voluntatem
936 2963 1036 3018 suam,
1066 2950 1221 3019 gerentem
1257 2939 1363 2999 datam

211 3027 360 3090 vicesimo
380 3026 490 3110 quinto
514 3027 567 3088 die
589 3026 710 3096 Martii,
727 3048 807 3087 anno
832 3025 969 3088 Domini
985 3024 1157 3087 millesimo
1181 3025 1364 3110 septingen-

211 3112 322 3175 tesimo
346 3126 375 3174 et
398 3114 600 3191 duodecimo,
623 3112 810 3175 devisaverit
833 3112 984 3195 quasdam
1012 3111 1091 3172 alias
1106 3124 1203 3173 terras
1227 3124 1258 3172 et.
1280 3122 1363 3174 tene-

211 3209 327 3276 mento,
343 3221 401 3282 pro
416 3197 680 3278 exhibitionibus,
705 3211 735 3260 et
756 3220 812 3281 pro
829 3199 1059 3280 augmentando
1074 3220 1131 3260 sex
1145 3197 1229 3260 locos
1244 3198 1364 3259 schola-

211 3283 307 3362 rium,
317 3283 453 3368 Anglice
463 3288 674 3371 scholarslu'pS,
690 3298 719 3348 et
734 3307 791 3368 pro
803 3285 876 3347 aliis
891 3284 1017 3369 pietatis
1032 3298 1062 3346 et
1077 3283 1216 3346 caritatis
1231 3284 1362 3357 usibus3

211 3383 243 3429 et
266 3369 436 3452 superinde
459 3369 642 3433 humillime
667 3371 915 3455 supplicaverint
941 3372 1024 3454 quod
1048 3371 1173 3433 noscis
1198 3369 1363 3431 concedere

212 3454 364 3517 vellemus
393 3455 635 3536 gratiosissimas
658 3457 766 3521 literas
796 3472 915 3520 nostras
938 3471 1091 3540 patentes,
1121 3478 1158 3517 ac
1184 3455 1218 3515 in
1243 3452 1362 3514 eisdem

211 3541 381 3603 concedere
406 3553 438 3601 et
461 3541 631 3603 autorizare
654 3545 737 3626 quod
767 3542 973 3626 Principalis,
1003 3539 1091 3602 Socii
1129 3553 1159 3601 et
1194 3537 1362 3617 scholares,

211 3625 341 3712 collegii
361 3625 507 3709 praedicti
530 3627 680 3713 eligerent
696 3643 727 3690 et
748 3628 948 3690 admitterent
970 3647 1070 3687 unum
1091 3647 1207 3685 novum
1230 3623 1363 3685 additio-

209 3713 312 3775 nalem
329 3711 470 3790 Socium,
485 3711 712 3776 intitulandum
736 3714 800 3774 fore
815 3715 853 3776 ad
873 3711 980 3774 omnia
994 3709 1206 3787 allocationes,
1222 3709 1363 3791 prolicua

210 3813 238 3860 et
250 3797 431 3881 privilegia,
443 3810 475 3860 et
486 3800 548 3862 lore
562 3799 738 3881 subjectum
754 3798 873 3860 eisdem
890 3795 1138 3882 regulationibus
1153 3818 1225 3856 eum
1242 3797 1363 3859 caeteris

211 3884 317 3949 Sociis
333 3882 475 3967 ejusdem
490 3883 636 3966 collegii3
661 3886 816 3968 quodque,
831 3885 870 3943 ad
886 3880 1136 3965 praeservandam
1152 3880 1363 3963 aequalitatem

211 3970 301 4033 illam
324 3969 404 4032 inter
429 3969 537 4052 aliqua
564 3981 669 4034 nostra
693 3969 833 4032 dominia
858 3967 983 4030 Walliae
1004 3967 1149 4028 Borealis
1175 3981 1205 4029 et
1236 3967 1362 4030 Walliae

211 4056 380 4133 Australis,
416 4057 591 4117 secundum
615 4055 821 4118 intentionem
844 4053 996 4115 testatoris
1019 4051 1133 4113 ultime
1167 4053 1362 4132 mentioned,

211 4143 344 4207 ulterius
353 4141 519 4202 humiliter
533 4141 749 4224 supplicatum
765 4139 825 4200 luit
838 4140 921 4221 quod
937 4161 994 4200 nos
1009 4138 1168 4201 declarare
1183 4156 1213 4201 et
1227 4138 1363 4219 dirigere

211 4230 363 4294 vellemus
378 4227 462 4311 quod
471 4227 641 4309 praedictus
652 4226 774 4302 Socius,
791 4223 904 4286 ultime
919 4224 1137 4302 mentionatus,
1153 4226 1270 4287 electus
1285 4226 1363 4289 foret

211 4340 250 4379 ex
265 4337 328 4378 uno
338 4313 475 4398 quodam
491 4312 699 4373 comitatuum
709 4309 840 4373 Walliae
850 4310 992 4372 Borealis
1007 4310 1058 4372 vel
1072 4309 1195 4373 Vl'alliae
1205 4311 1364 4374 Australis

214 4403 379 4483 (comitatu
407 4398 596 4462 Monmouth
616 4397 651 4459 in
679 4396 795 4459 Wallia
820 4397 964 4460 Australi
986 4396 1202 4480 includendo),
1227 4412 1257 4459 et
1277 4401 1363 4481 quod

210 4488 298 4552 idem
313 4488 402 4551 locus
417 4484 517 4566 Socii,
532 4483 670 4570 Angliee
685 4486 876 4570 Fellowslup,
892 4483 1062 4570 suppletus
1087 4484 1162 4547 loret
1183 4485 1362 4549 alternatim
