3022 4874
451 226 588 293 Statulae
601 230 641 306 of
648 226 741 290 Jesas
761 224 886 310 Collepe,
909 225 1036 307 Oscford.
1278 225 1321 287 55

170 383 455 470 deprehendamur
478 383 590 449 alienae
618 383 798 471 diligentiae
827 384 1077 470 vituperatores,
1103 408 1199 468 quam
1222 384 1318 449 bene·
1331 402 1507 466 sormofpubr

170 469 265 534 factis
306 469 447 555 propriis
492 479 647 534 navantes
689 489 848 556 operam:
894 493 998 554 neque
1046 471 1168 549 oculus,
1202 482 1318 557 utpote
1330 464 1444 567 mfflss

169 556 318 634 nobilior,
334 556 465 619 viliores
490 555 591 640 pedes
611 578 678 642 prae
692 579 727 621 se
750 564 946 637 contemnat,
970 579 1076 640 neque
1091 578 1205 619 manus
1227 535 1390 622 caecaepry
1431 553 1437 567 '

170 663 207 705 ac
235 641 346 708 surdae
369 640 535 706 oculorum
558 651 592 709 et
615 638 745 707 aurium
767 643 975 710 acrimoniam
990 641 1054 706 sibi
1070 653 1102 707 et
1117 642 1263 728 ignotam
1285 654 1319 708 et

168 749 233 793 nou
256 734 495 811 competentem
514 726 675 792 vindicent
700 750 737 792 ac
759 726 950 815 dijudicent,
966 727 1051 793 sicut
1074 724 1241 793 inferiores
1265 751 1320 792 eos

170 814 230 898 qui
256 822 333 876 suut
358 818 497 960 mqp‘ores
522 810 663 878 libenter
685 823 719 879 et
739 836 782 912 pc
840 836 909 878 ram
933 813 1038 879 solent
1048 809 1215 899 judicare:
1241 814 1320 896 quin

170 900 309 984 quisque
334 920 398 980 quo
445 920 487 966 ex
502 899 670 964 vocatione
692 896 794 963 famen
820 922 876 964 um
895 897 959 963 sibi
975 898 1147 978 incumbit,
1163 898 1199 962 id
1221 896 1320 964 faciat

168 983 302 1048 scdulo:
326 985 380 1048 cui
395 983 586 1062 docendum,
608 983 651 1050 ad
666 984 846 1051 doctrinam
865 984 1058 1071 capiendam
1082 985 1232 1072 apposite
1247 985 1321 1049 doc·

169 1071 290 1134 trinam
313 1069 520 1136 moderetur:
546 1071 599 1136 cui
612 1079 725 1156 partes
745 1068 888 1138 ministri
900 1094 968 1136 com
995 1081 1100 1148 etunt,
1112 1070 1141 1136 is
1158 1081 1320 1156 susceptae

168 1152 342 1242 provinciae
349 1155 501 1219 concinne
509 1155 703 1242 respondeat
716 1181 724 1220 ε
740 1155 793 1221 cui
808 1093 1046 1223 exhortandum
1062 1154 1153 1236 alios,
1168 1156 1196 1220 is
1205 1156 1320 1221 exhor-

169 1241 284 1306 tationi
306 1242 517 1326 congruentia
540 1241 720 1308 meditetur
743 1253 777 1306 et
805 1252 907 1341 agat:
929 1242 982 1308 cui
1008 1238 1155 1308 dandum
1179 1240 1261 1322 aliis,
1292 1245 1321 1306 is

170 1327 227 1391 det
250 1327 466 1412 simpliciter:
492 1327 552 1414 qui
581 1338 712 1413 praeest,
742 1339 855 1414 praesrt
880 1328 1027 1394 solicite:
1060 1327 1120 1416 qui
1145 1325 1320 1392 facultates

169 1413 271 1477 habet
309 1413 491 1498 erogandas
527 1412 562 1476 in
602 1436 775 1500 pauperes,
805 1410 986 1498 elargiatur
1022 1411 1181 1478 hilariter.
1242 1414 1319 1477 Non

170 1497 372 1563 dissimiliter
386 1499 420 1560 in
435 1496 659 1567 vocationibus
682 1497 723 1561 ad
738 1499 820 1562 hanc
834 1499 936 1564 vitam
949 1497 1191 1584 pertinentibus
1210 1498 1320 1564 affecti

170 1585 292 1661 simus;
315 1605 409 1668 aequo
432 1582 540 1646 animo
555 1605 648 1648 suam
667 1581 805 1669 quisque
821 1582 904 1648 ferat
919 1583 1144 1662 conditionem,
1160 1584 1230 1648 sive
1246 1607 1320 1648 eum

172 1669 333 1732 Dominus
354 1667 596 1754 magistratum,
619 1668 687 1735 sive
702 1670 802 1734 etiarn
824 1668 996 1734 subulcum
1016 1680 1075 1736 aut
1089 1668 1246 1755 abjectius
1261 1670 1322 1733 ali-

171 1754 270 1840 quod,
287 1775 383 1839 agere
393 1754 536 1838 jusserit.
568 1754 656 1819 Nam
672 1765 722 1835 tu,
736 1753 876 1819 Domine
888 1753 1084 1854 aequissime,
1099 1777 1163 1819 non
1178 1756 1321 1820 muneris

168 1839 384 1925 splendorem,
395 1838 609 1906 edobeuntis
617 1841 836 1906 obedientiam
845 1840 1037 1906 consideras.
1065 1840 1211 1906 Abunde
1221 1839 1322 1906 fuerit

169 1926 213 1991 ad
243 1925 525 2008 tranquillaudum
549 1927 704 2006 animum,
736 1923 824 2012 quod
856 1925 976 1991 scimus
1007 1927 1135 2013 placere
1159 1926 1231 1997 tibi,
1250 1927 1321 1990 Deo

168 2023 287 2090 nostro,
304 2010 393 2097 quod
408 2011 548 2098 agimus,
564 2022 598 2075 et
616 2024 821 2100 praeceptum
836 2035 906 2078 essa
921 2034 941 2076 a
955 2012 1108 2092 Domino,
1126 2013 1186 2076 ‘In
1209 2012 1321 2077 labore

170 2098 282 2162 vultus
297 2097 349 2160 tui
363 2098 503 2162 vesceris
516 2119 600 2182 pane
616 2109 684 2165 tuo.
742 2098 796 2163 Ne
811 2098 896 2163 sinas
907 2121 965 2162 nos
977 2097 1053 2162 huic
1063 2099 1163 2162 verbo
1177 2099 1322 2162 immori-

170 2206 263 2268 geros
288 2180 356 2247 otio
378 2193 413 2246 et
436 2185 518 2247 luxu
537 2183 668 2268 perire;
694 2206 801 2266 neque
816 2193 928 2247 nostra
948 2205 1140 2266 quaeramus,
1166 2182 1224 2246 sed
1247 2207 1321 2266 quae

171 2269 309 2332 aliorum
324 2279 358 2332 et
373 2291 446 2351 quae
462 2278 541 2340 sunt
565 2269 647 2332 Jesu
670 2269 805 2333 Christi.
852 2269 903 2332 Da
929 2268 1022 2333 nobis
1047 2278 1198 2332 mutuam
1221 2268 1318 2332 dilec-

171 2354 303 2432 tionem,
334 2364 374 2420 ut
402 2355 505 2417 simus
535 2354 713 2424 unanimes,
744 2353 896 2417 similiter
936 2353 1056 2426 affecti,
1090 2354 1321 2433 misericordes

171 2439 330 2516 affabiles,
345 2460 411 2502 non
435 2437 628 2502 retaliantcs
651 2438 776 2503 malum
789 2439 887 2512 male,
902 2448 963 2502 aut
977 2439 1155 2504 convitium
1171 2439 1322 2513 convitio,

171 2523 240 2602 sed,
259 2532 378 2602 contra,
400 2523 637 2588 benedicentes.
686 2523 728 2588 Et
748 2524 902 2608 quicquid
925 2525 967 2589 ab
990 2524 1063 2589 aliis
1086 2534 1320 2614 exspectamus,

171 2608 256 2756 iqlem
272 2617 375 2718 equos
389 2619 578 2695 praestemus
592 2608 742 2691 vicissim,
756 2621 795 2675 ut
809 2610 1048 2699 adimpleamus
1065 2612 1172 2701 legem
1188 2611 1322 2678 Christi.

207 2716 290 2759 men.

660 2805 730 2871 Pro
745 2805 846 2895 Repe:

216 2933 236 2962 ‘⁶
249 2926 334 2990 Cum
344 2935 405 2990 tua
414 2926 573 3014 singulari
589 2935 624 2990 et
632 2926 752 2990 eximia
761 2926 975 3013 providentia,
988 2927 1207 3014 Omnipotens
1218 2930 1323 3006 Deus,

172 3011 257 3075 hunc
293 3013 452 3099 populum
484 3013 689 3079 constitueris
726 3013 833 3101 Regia
862 3022 1026 3099 potestate
1063 3015 1323 3100 gubernandum,

173 3097 343 3161 thesauros
377 3101 533 3182 potentiae
566 3107 634 3163 tuae
673 3120 710 3163 ac
747 3100 893 3163 omnium
922 3099 1084 3164 virtutum
1114 3100 1249 3165 divitias
1282 3101 1325 3165 ad

173 3183 298 3269 Regem
320 3193 467 3246 nostrum
493 3184 686 3263 Jacobum,*
707 3185 891 3253 ornandum
913 3184 1054 3272 largiter
1077 3185 1234 3266 effundas,
1255 3209 1323 3273 quo

173 3270 236 3332 tibi
259 3278 421 3354 perpetuo
438 3269 568 3355 glutino
590 3270 667 3332 fidei
691 3281 724 3335 et
745 3270 882 3354 justitiae
905 3270 1096 3356 copuletur:
1121 3271 1210 3336 unde
1229 3294 1323 3339 carus

171 3354 403 3441 gratiosusquc
433 3356 583 3418 omnibus
611 3354 791 3431 ordinibus,
823 3378 1039 3442 quoscunque
1068 3358 1130 3422 tibi
1161 3358 1323 3444 placuerit

172 3440 311 3505 subdere
335 3446 405 3526 ejus
419 3441 566 3526 imperio,
582 3451 616 3505 et
641 3441 683 3505 ab
703 3440 851 3509 hostibus
873 3465 928 3507 eos
944 3453 1088 3521 tueatur,
1107 3455 1143 3509 et
1160 3444 1324 3518 mandatis

172 3528 238 3590 tuis
250 3549 323 3590 cum
333 3549 413 3611 pace
423 3549 458 3589 ac
473 3526 714 3611 tranquillitate
725 3528 952 3615 obtemperare
961 3528 1078 3602 faciat3
1096 3540 1135 3594 ut
1145 3552 1208 3592 non
1218 3531 1324 3595 solum

172 3613 206 3675 in
223 3612 407 3698 praesentia,
423 3611 481 3675 sed
499 3621 666 3690 aeternum,
682 3634 754 3675 cum
769 3613 850 3699 ipsis
869 3613 958 3700 apud
975 3625 1009 3679 te
1023 3614 1163 3681 feliciter
1178 3617 1279 3688 vivat,
1289 3616 1324 3680 in

172 3699 306 3762 ecclesia
327 3697 486 3765 sinceram
508 3697 686 3784 Evangelii
701 3697 881 3771 doctrinam
905 3711 1105 3785 promoveat,
1128 3711 1163 3773 ct
1188 3724 1325 3788 agrege

175 3784 345 3849 Dominico
375 3784 459 3848 vitia
484 3806 628 3849 resecare
648 3783 807 3863 studeat,
837 3786 872 3849 in
899 3785 1067 3870 republica
1092 3808 1169 3854 vero
1193 3787 1325 3874 integra

169 3870 292 3954 judicia
321 3880 484 3954 procuret,
515 3892 595 3936 sana
626 3870 759 3934 consilia
788 3871 822 3934 in
852 3870 1065 3940 deliberando
1098 3873 1242 3950 habeat;
1279 3872 1324 3936 ad

173 3955 325 4021 honorem
341 3956 479 4022 nominis
493 3957 545 4019 tui
561 3965 678 4020 cuncta
693 3955 743 4017 illi
754 3955 935 4020 felicissime
955 3957 1144 4042 procedant.
1168 3959 1324 4045 Denique

172 4042 266 4126 plebs
282 4053 350 4119 tua,
372 4042 560 4107 libertatem
588 4042 630 4104 ab
655 4041 801 4104 hostibus
827 4051 862 4106 et
888 4065 908 4105 a
933 4044 1073 4126 peccatis
1098 4044 1160 4109 ade
1185 4053 1230 4117 ta,
1257 4067 1324 4108 una

173 4150 245 4189 cum
268 4127 340 4210 ipso
359 4127 522 4191 voluntati
541 4139 604 4190 tuae
626 4127 816 4198 salutariter
830 4128 1027 4214 obsequatur
1037 4153 1047 4205 3
1069 4152 1129 4217 per
1153 4067 1322 4196 dtu-istum

173 4210 354 4276 Dominum
368 4224 526 4277 nostrum.
570 4211 710 4277 Amen.”

526 4411 540 4443 *
560 4415 576 4438 “
586 4411 704 4462 Carolum
712 4409 727 4431 ”
741 4409 768 4458 in
780 4409 903 4458 Lambeth
915 4410 969 4460 MS.
