3022 4874
467 244 603 309 Statulae
617 247 655 328 of
664 246 757 308 Jeses
773 245 901 331 Collepe,
924 247 1050 332 Ossord.
1291 251 1335 320 03

182 407 255 484 bus,
279 402 521 491 provisionibus
545 413 579 468 et
603 405 763 490 expensis
779 405 962 492 sigillatim,
978 409 1130 494 qualibet
1155 410 1210 477 die
1233 414 1335 483 factis.

183 492 330 571 reddere,
362 493 424 554 sub
453 513 553 577 poena
581 490 761 554 amissionis
791 492 909 577 viginti
937 493 1154 577 denariorum,
1180 499 1214 561 in
1238 523 1334 563 usum

182 578 314 663 collegii
340 577 642 641 convertendorum.
688 576 784 650 Quod
809 579 944 664 quidem
970 601 1049 643 onus
1070 584 1253 669 quemlibet
1275 586 1334 649 So-

181 664 269 727 cium
291 665 347 742 sie,
365 672 404 726 ut
427 663 654 748 praemittitur,
671 683 836 726 assumere
860 665 894 726 in
918 687 952 728 se
977 676 1011 729 et
1035 690 1094 730 sua
1118 671 1188 732 viee
1211 672 1333 749 subire,

180 759 214 813 et
230 749 341 815 eodem
351 750 404 813 vel
418 770 477 835 per
491 771 525 812 se
540 749 594 812 vel
608 749 780 833 paralium
795 749 829 811 in
838 750 1005 835 praedictis
1021 755 1170 818 omnibus
1185 755 1334 844 defungi,
1382 776 1386 782 ·

183 836 353 912 volumus3
390 836 535 920 exeeptis
575 834 841 920 Viceprincipali,
872 837 1078 917 Ductoribus,
1109 850 1144 904 et
1178 841 1214 904 in
1243 865 1336 906 saera

179 920 343 1007 theologia
365 919 594 998 baccalaureis,
619 930 654 984 et
680 919 755 1007 (qui
778 942 837 1007 pro
861 932 1008 1007 tempore
1032 925 1147 1076 fueritp
1173 927 1333 992 burserio.

180 1007 314 1070 Proviso
365 1007 433 1070 uod
464 1005 622 1104 graduati
650 1028 713 1069 non
743 1006 838 1082 Socii,
892 1031 951 1071 uos
978 1009 1175 1098 Principaia
1200 1023 1267 1086 aut,
1296 1034 1334 1078 co

178 1093 324 1164 absente,
340 1031 616 1178 i'ioeprmcipalis
640 1091 772 1156 idoneos
795 1092 839 1156 ad
863 1031 989 1158 dietum
1012 1118 1131 1160 munus
1168 1119 1332 1184 exequen-

178 1178 260 1241 dum
290 1178 443 1255 censebit,
468 1177 600 1263 quoties
629 1177 785 1263 expedire
815 1179 953 1256 videbit,
982 1181 1026 1245 ad
1056 1181 1181 1247 dictum
1210 1206 1331 1249 munus

177 1264 420 1350 suscipiendum
435 1264 553 1328 aretari
573 1265 635 1327 sub
654 1286 757 1349 poena
771 1266 920 1354 proxime
933 1279 1112 1333 memorata
1126 1269 1281 1356 poterint.

207 1410 353 1478 19.-D0
362 1414 782 1498 ocymectotr'onefuaderum
796 1435 834 1477 uc
843 1415 1016 1478 reddituum
1024 1438 1036 1488 ;
1055 1419 1133 1481 etde
1148 1419 1335 1502 beneficentio
1373 1477 1375 1482 .

259 1502 385 1582 piorum
412 1519 663 1582 quorumcunque,
693 1499 829 1563 redditus
857 1521 972 1567 annuos
994 1502 1057 1567 sive
1070 1504 1192 1585 fundos
1220 1506 1333 1569 donare

265 1586 437 1661 volentium,
452 1584 635 1667 acceptando
649 1594 677 1647 et
690 1583 878 1649 celebranda.

223 1694 312 1770 Quia
334 1693 424 1757 dicto
443 1692 579 1777 collegio
593 1690 636 1754 de
650 1691 762 1755 fundis
786 1702 821 1756 et
842 1692 961 1756 annuis
987 1692 1185 1776 redditibus,
1210 1697 1332 1779 quibus

179 1780 263 1843 Socii
286 1790 320 1844 et
343 1779 501 1843 scholares
525 1777 672 1862 ejusdem
698 1776 741 1841 de
766 1787 914 1863 tempore
937 1779 972 1841 in
992 1789 1121 1865 tempus
1144 1781 1276 1847 alantur
1298 1795 1331 1847 et

177 1865 390 1944 sustinentur,
411 1864 542 1929 minime
559 1863 665 1927 adhuc
684 1863 854 1950 provisum
870 1872 930 1942 est,
946 1875 980 1929 et
999 1864 1118 1930 idcireo
1132 1890 1331 1955 magnopere

177 1974 262 2037 opus
300 1951 400 2015 habet
433 1950 644 2014 beneficentia
675 1960 709 2014 et
751 1949 952 2014 liberalitate
985 1951 1113 2037 piorum
1152 1952 1329 2030 homiuum,

177 2059 314 2121 quorum
329 2036 453 2101 auxilio
469 2035 557 2119 quod
572 2035 606 2098 in
622 2057 660 2099 eo
674 2045 764 2100 recte
778 2035 966 2099 inchoatum
981 2046 1031 2100 est
1042 2035 1085 2101 ad
1099 2061 1191 2102 suam
1206 2041 1329 2125 perfec-

177 2124 298 2187 tionem
347 2123 541 2187 erducatur:
573 2121 756 2193 statuimus,
787 2120 978 2184 ordinamus
1002 2132 1036 2186 et
1061 2123 1223 2198 volumus,
1241 2126 1328 2207 quod
1341 2151 1479 2201 Powerto

177 2208 259 2273 dicti
289 2147 418 2295 collegii
447 2207 625 2292 Principali
651 2216 684 2271 et
708 2206 818 2285 Sociis,
849 2207 920 2269 sive
942 2207 1121 2292 Principali
1149 2218 1183 2272 et
1211 2213 1328 2296 majori
1341 2215 1396 2314 021st
1405 2214 1511 2260 donatio

176 2295 265 2379 parti
282 2295 457 2373 Sociorum,
473 2291 592 2357 fundos
606 2301 640 2356 et
653 2313 778 2355 annuos
794 2290 943 2355 redditus
963 2312 1170 2376 quoscunque
1183 2317 1204 2358 a
1214 2297 1279 2380 piis
1294 2306 1327 2361 et
1341 2283 1355 2314 ⁰
1376 2273 1501 2331 'emm

175 2381 339 2466 religiosis
354 2379 548 2455 hominibus,
562 2376 773 2456 commodum,
788 2377 1056 2442 sustentationem
1076 2378 1148 2444 sive
1172 2401 1329 2468 augmen.

177 2465 344 2543 tationem,
373 2465 452 2527 dicti
482 2464 609 2549 collegii
642 2462 695 2525 vel
720 2463 884 2526 Sociorum
914 2485 1107 2548 promovere
1136 2467 1204 2531 ullo
1232 2470 1327 2533 modo

175 2551 394 2635 cupientibus,
410 2550 472 2612 sub
487 2548 730 2613 conditionibus
745 2549 1001 2632 quibuscunque,
1020 2551 1129 2632 (modo
1144 2551 1240 2617 dictae
1255 2577 1326 2619 cou-

176 2634 318 2698 ditiones
341 2658 401 2699 nec
428 2636 527 2698 verbo
552 2634 628 2712 Dei,
655 2656 714 2697 nec
736 2634 867 2719 legibus
889 2656 924 2698 re
971 2636 993 2714 i,
1014 2659 1074 2700 nec
1095 2637 1328 2704 donationibus

176 2721 315 2787 aliorum
346 2721 596 2798 benefactorum,
626 2741 685 2783 nec
713 2720 848 2783 statutis
872 2720 920 2782 col
934 2721 1013 2806 agii,
1042 2722 1078 2784 in
1107 2723 1178 2786 ulla
1205 2724 1328 2790 aliare

176 2830 274 2890 quam
309 2808 427 2894 patriae
456 2807 606 2894 alicujus,
644 2814 704 2869 aut
742 2804 903 2891 prosapiae
931 2806 998 2869 sive
1028 2808 1239 2892 cognationis,
1269 2822 1328 2875 aut

176 2893 354 2974 facultatis,
369 2894 563 2958 limitatione
581 2892 634 2955 vel
658 2891 912 2978 prascriptione,
928 2891 996 2955 siut
1013 2897 1254 2978 repugnantes)
1274 2917 1325 2959 ac·

176 2990 312 3065 captare
340 2991 374 3045 et
398 2979 543 3066 recipere
567 2978 691 3056 licebit,
722 2977 822 3041 donec
851 2976 933 3040 dieti
955 2976 1084 3064 collegii
1112 2978 1264 3043 redditus
1285 2981 1326 3045 ad

174 3087 333 3129 summam
366 3075 587 3130 sexcentarum
620 3065 780 3129 librarum
808 3063 1000 3126 annuariam
1030 3065 1244 3141 excreverint,
1269 3088 1326 3131 sau

174 3149 217 3213 ad
233 3172 304 3214 eam
317 3161 478 3237 praeterea
497 3173 664 3229 summam,
689 3150 732 3214 ad
756 3172 853 3232 quarn
876 3149 984 3234 Regia
1007 3149 1167 3236 Majestas
1181 3151 1234 3215 vel
1255 3157 1337 3238 ejus⁸

174 3258 370 3300 successores
388 3237 466 3322 ipsis
485 3247 589 3300 terras
612 3247 645 3300 et
670 3235 785 3299 lirndos
809 3235 957 3321 accipere
980 3235 1047 3299 sive
1070 3236 1261 3321 perquirere
1284 3260 1325 3302 er

174 3322 323 3385 ulteriori
338 3344 399 3386 sua
415 3322 523 3408 gratia
538 3322 737 3385 concesserit.
783 3321 833 3384 Et
852 3342 917 3403 quo
940 3319 1114 3385 donatores
1136 3321 1324 3409 hujusmodi
1337 3352 1503 3411 negatum„

172 3407 367 3473 reddituum
383 3417 417 3471 et
431 3407 606 3470 iimdorum
617 3428 637 3469 a
647 3405 823 3492 Principali
835 3416 869 3470 et
879 3405 977 3470 Sociis
989 3417 1023 3472 et
1037 3429 1151 3472 eorum
1164 3431 1323 3476 successo-
1336 3411 1504 3459 b0¹¹³f⁰⁰l¹0¹¹⁸

173 3495 266 3558 ribus
289 3494 487 3580 gratioribus
501 3492 619 3555 animis
633 3502 666 3556 et
688 3491 964 3556 honorificentiore
977 3495 1134 3558 memoria
1155 3498 1324 3581 perpetuis

173 3579 293 3643 futuris
309 3579 512 3666 temporibus
531 3578 715 3642 recolantur
735 3587 769 3641 et
791 3579 1008 3657 celebrentur,
1022 3579 1174 3644 volumus
1197 3603 1323 3665 quoque

172 3676 207 3729 et
216 3665 405 3730 ordinamus
415 3675 454 3728 ut
468 3664 535 3727 duo
548 3663 636 3742 libri,
647 3663 769 3728 affabre
784 3663 1323 3762 etpulehrecompacti‚perP1in-

172 3751 312 3837 cipalem
327 3761 361 3815 et
376 3751 486 3814 Socios
506 3750 695 3835 sumptibus
711 3749 839 3848 collegii
853 3772 948 3832 quam
966 3751 1109 3836 primum
1124 3753 1322 3839 providean-

172 3846 228 3900 tur
239 3862 248 3913 ;
264 3846 296 3901 et
311 3837 395 3901 alter
406 3837 440 3899 iu
451 3834 589 3899 archivis
598 3835 678 3899 dicti
687 3836 830 3921 collegii,
839 3835 924 3898 alter
938 3835 972 3898 in
984 3836 1136 3902 cubiculo
1149 3838 1320 3925 Principa-

170 3921 211 3986 lis
231 3925 317 3987 intra
343 3923 505 3988 ambitum
527 3920 664 4006 collegii,
689 3921 792 3984 donec
813 3930 964 3985 extructa
986 3922 1187 3988 bibliotheca
1209 3924 1321 4005 fuerit,

169 4017 245 4093 post
259 4009 383 4072 veroin
398 4007 610 4085 bibliotheca,
623 4017 820 4071 asservetur.
855 4006 896 4069 In
910 4008 1030 4093 quibus
1042 4009 1172 4092 quidem
1181 4009 1275 4075 libris
1289 4023 1322 4075 et

170 4105 315 4180 utroque
329 4115 441 4161 eorum
456 4093 606 4157 volumus
620 4093 763 4157 omnium
778 4092 967 4177 hujusmodi
977 4093 1173 4158 donatorum
1182 4096 1322 4160 etbene·

170 4178 330 4245 factorum
344 4180 483 4258 nomina,
505 4177 699 4264 dignitates,
721 4180 873 4265 patriam,
891 4178 1088 4251 donationes,
1107 4179 1318 4245 donationum

168 4265 304 4342 valeres,
320 4288 414 4327 usum
429 4266 463 4327 in
480 4287 577 4347 quem
592 4264 723 4328 donatae
737 4273 823 4342 sunt,
840 4263 1001 4338 distincte,
1013 4266 1175 4344 concinne,
1186 4277 1221 4331 et
1235 4269 1321 4329 omni

168 4350 304 4414 meliore
319 4350 415 4413 modo
429 4359 463 4414 et
476 4349 599 4428 ordine,
612 4350 701 4415 iutra
714 4371 854 4413 mensem
869 4359 944 4435 post
959 4349 1163 4414 donationem
1174 4351 1319 4434 aliquam

167 4433 287 4499 factam
302 4445 336 4499 et
347 4444 522 4521 acceptam,
533 4434 682 4500 describi.
715 4438 918 4516 Statuentes,
928 4445 1096 4522 praeterea,
1106 4446 1154 4513 ut,
1165 4459 1320 4502 convoca·
