3022 4874
586 275 693 360 Royul
710 273 865 338 Chartcrs.
1262 282 1300 346 ‘21

142 471 241 540 prose
266 453 311 532 ui,
335 464 457 541 petere,
483 453 621 516 clamare
644 462 679 517 et
703 453 862 540 placitare
886 453 1021 538 possint,
1038 462 1072 518 et
1095 453 1303 539 implacitari,

143 563 185 604 ac
199 476 374 605 dellendere
389 549 425 603 et
439 536 583 617 defendi,
599 561 635 601 ac
649 538 841 624 respondere
856 550 890 602 et
904 538 1102 627 responderi,
1118 541 1153 603 in
1168 542 1302 627 quibus-

146 648 280 713 cunque
302 627 397 689 curiis
420 635 454 688 et
477 625 568 689 lociis
591 625 703 710 legum
724 636 970 704 nostrorumst
995 626 1076 690 alibi
1103 627 1304 713 ubicunque,

145 735 254 776 coram
271 711 517 798 quibuscunque
528 711 707 796 judicibus,
723 712 756 774 in
772 722 806 775 et
821 734 919 811 super
933 713 1086 776 omnibus
1106 722 1141 778 et
1164 715 1304 812 singulis

146 799 260 870 causis,
273 799 466 876 actionibus,
476 799 579 874 sectis,
590 796 769 873 demandis,
778 798 933 862 brev1bus
944 808 978 863 et
990 799 1137 882 querelis,
1149 799 1304 878 reahbus,

147 884 387 969 spiritualibus,
404 883 637 957 ecclesiasticis,
653 884 881 969 personalibus
896 893 929 948 et
943 884 1065 964 mixtis,
1077 908 1113 949 ac
1128 885 1163 948 in
1174 887 1304 972 placitis

144 979 180 1032 et
217 970 359 1054 querelis
396 971 571 1033 assisarum
601 991 694 1034 novae
723 969 913 1048 disseisinae,
943 971 1055 1034 mortis
1083 973 1305 1050 antecessoris,

146 1057 358 1130 attinctionis
388 1056 514 1127 erroris,
542 1056 625 1119 scire
653 1056 762 1134 facias,
794 1056 992 1120 executionis
1030 1068 1064 1121 et
1100 1057 1303 1144 appellatum

146 1163 426 1227 quarumcunque,
450 1165 488 1205 ac
512 1142 546 1205 iu
569 1142 720 1205 omnibus
744 1142 817 1205 aliis
840 1142 948 1214 rebus,
974 1145 1079 1206 causis
1101 1153 1135 1207 et
1157 1144 1304 1208 materiis

144 1230 410 1314 quibuscunque,
427 1228 515 1292 dicto
536 1228 674 1314 collegio
696 1250 829 1316 quoquo
851 1228 948 1292 modo
971 1230 1213 1328 pertinentibus
1235 1230 1303 1294 sive

144 1315 372 1400 spectantibus
384 1340 393 1392 ;
416 1324 449 1379 et
457 1312 546 1400 quod
556 1336 616 1399 per
628 1314 714 1378 idem
729 1336 847 1378 nomen
857 1336 1012 1392 manens,
1023 1315 1178 1395 dominia,
1189 1325 1303 1394 terras,

149 1411 343 1480 tenementa,
367 1401 592 1487 possessiones,
626 1400 907 1478 haereditamenta,
939 1401 1084 1487 proficua
1114 1411 1149 1466 et
1179 1402 1303 1466 emolu-

143 1497 268 1565 menta,
285 1497 352 1550 tam
379 1485 566 1572 spiritualia
589 1486 656 1548 sive
681 1485 895 1549 ecclesiastica
918 1507 1016 1570 quam
1046 1488 1248 1573 temporalia,
1269 1498 1304 1552 et

146 1571 214 1636 alia
227 1593 442 1659 quaecunque,
455 1592 515 1655 per
530 1593 598 1649 nos
611 1571 758 1634 haeredes
773 1583 807 1635 et
818 1592 1011 1635 successores
1023 1583 1159 1652 nostroS,
1172 1584 1231 1637 aut
1242 1596 1303 1660 per

148 1656 294 1743 aliquam
310 1658 407 1721 aliam
422 1678 601 1743 personam,
615 1656 668 1720 vel
683 1657 764 1720 alias
778 1679 930 1741 personas
942 1678 1164 1743 quascunque,
1179 1659 1303 1723 eisdem

150 1743 342 1829 Principali,
354 1744 457 1807 Sociis
472 1753 506 1807 et
520 1742 730 1821 scholaribus,
743 1754 777 1807 et
789 1743 1027 1807 successoribus
1042 1743 1118 1820 suis,
1133 1745 1185 1809 vel
1198 1745 1303 1823 aliter,

148 1829 328 1892 secundum
337 1829 425 1913 leqes
434 1841 568 1900 nostras,
579 1839 638 1892 aut
647 1827 814 1893 haeredum
822 1829 875 1893 vel
884 1851 1100 1893 successorum
1109 1841 1303 1904 nostrorum,

149 1913 269 1995 danda,
278 1900 469 1979 conferenda
479 1938 539 1978 seu
550 1913 762 1995 concedenda,
773 1915 944 2002 perpetuis
955 1915 1078 1980 futuris
1088 1917 1302 2004 temporibus,

148 2023 271 2087 capere,
288 2003 443 2088 recipere,
457 2023 517 2087 per
542 2002 650 2065 uirere
665 2012 699 2067 et
714 2003 936 2088 appropriare,
953 2003 1078 2086 possint
1101 2012 1135 2066 et
1150 2003 1302 2081 valcant3

149 2110 270 2153 necnon
281 2088 394 2153 eadem
406 2087 494 2159 dare,
509 2024 651 2152 dlienarc
662 2097 696 2151 et
705 2087 885 2167 dimittere,
897 2088 1146 2171 quibuscunque
1157 2089 1303 2174 personis

149 2174 185 2237 in
205 2174 235 2238 le
259 2197 279 2238 e
302 2175 474 2260 capacibus
495 2175 620 2259 possint
635 2185 669 2237 et
686 2175 837 2250 valeant3
861 2196 898 2237 ac
922 2173 1123 2258 generaliter
1142 2175 1252 2238 omnia
1270 2186 1304 2239 et

148 2197 281 2346 singula
295 2282 419 2345 capere,
436 2259 588 2359 recipere,
601 2259 798 2345 perquirere,
810 2258 899 2338 dare,
915 2259 1059 2322 alienare
1074 2268 1109 2324 et
1120 2259 1302 2338 dimittere,

149 2368 186 2410 ac
207 2347 312 2410 facere
335 2358 369 2411 et
393 2345 670 2426 exequ1,valeant
693 2356 725 2408 et
747 2344 882 2430 possint,
906 2355 1007 2430 prout
1029 2354 1148 2410 caetera
1164 2347 1303 2434 collegia

150 2432 237 2495 infra
265 2454 402 2518 regnum
432 2440 581 2494 nostrum
612 2430 755 2516 Angliae,
780 2452 837 2494 seu
862 2453 974 2495 eorum
1002 2431 1149 2518 aliquod,
1176 2456 1302 2519 capere,

151 2518 305 2602 recipcre,
321 2516 519 2603 perquirere,
533 2517 623 2594 dare,
637 2517 779 2581 alienare
793 2527 829 2582 et
843 2517 1023 2596 dimittere,
1034 2540 1070 2582 ac
1086 2518 1119 2582 in
1134 2519 1303 2605 aliquibus

129 2626 132 2631 ’
151 2602 356 2688 temporibus
379 2603 548 2665 retroactis
571 2603 676 2666 facere
699 2613 945 2679 consueverunt,
961 2614 1020 2668 aut
1042 2605 1162 2690 exequi
1180 2606 1304 2704 possint

149 2698 212 2753 aut
236 2690 339 2774 possit
363 2687 587 2773 quovismodo.
633 2689 677 2752 Et
698 2689 843 2773 insuper,
865 2712 924 2776 pro
939 2689 1041 2768 nobis,
1065 2689 1254 2754 haeredrbus
1269 2703 1303 2756 et

150 2775 386 2838 successoribus
408 2773 536 2851 nostris,
560 2772 676 2838 damus
698 2783 732 2838 et
754 2774 955 2838 concedimus
973 2775 1094 2839 eisdem
1109 2775 1301 2862 Principali,

153 2861 253 2924 Sociis
265 2870 298 2925 et
309 2859 520 2939 scholaribus,
532 2870 566 2924 et
577 2860 815 2924 successoribus
829 2861 907 2940 suis,
919 2860 1049 2946 plenam
1061 2870 1255 2944 potestatem
1270 2873 1304 2927 ct

150 2946 339 3012 libertatem
357 2945 444 3030 quod
469 2946 622 3033 praedicti
640 2947 834 3033 Principalis
855 2957 889 3011 et
903 2957 974 3010 octo
988 2945 1072 3011 Socii
1087 2947 1121 3009 in
1135 2945 1201 3011 hiis
1216 2969 1303 3033 prae-

151 3033 298 3096 sentibus
311 3032 481 3110 nominati,
494 3054 551 3096 seu
562 3040 665 3119 major
678 3056 754 3119 pars
769 3032 956 3112 eorundem,
969 3030 1011 3097 ad
1024 3032 1159 3117 aliquod
1173 3043 1302 3120 tempus

151 3140 210 3182 seu
240 3129 397 3205 tempora,
429 3118 686 3219 quandocunque
715 3119 758 3184 ad
788 3119 983 3193 utilitatem,
1011 3117 1215 3182 commodum
1245 3142 1304 3184 seu

153 3204 357 3283 beneficium,
384 3205 514 3288 collegii
537 3205 700 3290 praedicti.
730 3205 777 3268 eis
800 3228 857 3269 seu
880 3206 993 3291 majori
1014 3204 1103 3290 parti
1126 3206 1301 3270 eorundem

152 3291 271 3354 melius
281 3289 439 3376 expedire
449 3289 626 3367 videbitur,
632 3297 732 3375 juxta
743 3291 973 3369 ordinationes,
981 3290 1112 3375 regulas
1121 3299 1156 3355 ct
1165 3302 1302 3371 statuta,
1322 3306 1325 3310 '

151 3377 187 3440 in
201 3376 263 3440 hac
276 3388 370 3462 parte
386 3377 600 3462 imposterum
615 3377 732 3455 fienda,
747 3387 781 3440 et
797 3379 831 3441 in
847 3377 910 3440 scri
934 3377 977 3440 tis
995 3376 1184 3463 redigenda,
1200 3379 1303 3464 speci-

151 3462 275 3527 ficanda
292 3473 326 3528 et
342 3461 544 3541 declaranda,
558 3462 689 3548 plenam
705 3472 900 3549 potestatem
910 3400 1057 3528 habeant
1081 3473 1115 3527 et
1134 3463 1304 3531 habebunt

153 3548 196 3612 ad
218 3548 395 3635 eligendos
411 3560 444 3613 et
461 3549 525 3611 sibi
547 3548 628 3634 ipsis
650 3548 852 3613 associandos
873 3572 932 3633 seu
947 3548 1123 3622 addendos,
1139 3562 1210 3614 octo
1225 3551 1304 3614 alios

151 3636 221 3700 sive
240 3635 352 3721 plures
374 3635 491 3708 Socios,
507 3645 542 3700 ct
556 3643 628 3698 octo
650 3635 732 3699 alios
747 3637 818 3699 sive
833 3635 944 3722 plures
959 3635 1129 3712 scholares,
1145 3637 1209 3699 sibi
1224 3637 1304 3722 ipsis

153 3721 318 3786 addendos
332 3731 367 3785 et
383 3721 593 3786 associandos.
631 3721 793 3787 Volumus
809 3722 910 3785 etiam
925 3743 984 3808 pro
998 3721 1101 3792 nobis,
1114 3720 1304 3786 haeredibus

147 3817 186 3872 et
202 3807 436 3872 successoribus
451 3808 582 3882 nostris,
594 3815 628 3870 et
638 3828 698 3893 per
708 3819 885 3893 praesentes
896 3807 1107 3881 declaramus,
1121 3809 1209 3891 quod
1221 3830 1304 3894 prae·

152 3893 234 3959 dicti
243 3905 314 3958 octo
326 3894 413 3959 Socii
424 3904 457 3959 et
466 3904 538 3958 octo
550 3892 708 3957 scholares
720 3894 765 3956 sic
774 3894 815 3958 de
824 3916 907 3958 novo
916 3893 1060 3979 eligendi
1075 3903 1110 3957 et
1124 3895 1304 3960 associandi

152 4001 213 4043 seu
238 3979 392 4059 addendi,
419 3990 453 4045 et
478 4001 591 4044 corum
618 3980 768 4063 quilibet,
794 3979 983 4043 immediate
1009 3988 1087 4065 post
1114 3979 1304 4045 electionem

153 4064 332 4130 eorundem
354 4089 412 4131 seu
434 4089 546 4131 eorum
571 4065 720 4152 alicujus,
745 4063 851 4129 eidem
873 4065 1008 4151 collegio
1030 4076 1247 4130 annectentur
1269 4076 1305 4131 et

154 4151 320 4230 uniantur,
337 4162 371 4216 et
394 4162 433 4217 ut
447 4152 631 4217 membrum
656 4150 819 4239 praedictii
834 4151 965 4238 collegii
986 4161 1021 4214 et
1040 4151 1306 4236 incorporationis

153 4238 325 4321 perpetuis
354 4238 473 4302 futuris
503 4239 710 4324 temporibus
732 4237 915 4302 habeantur
940 4247 976 4302 et
997 4245 1204 4322 reputentur.
1258 4237 1307 4303 Et

154 4321 296 4386 ulterius
311 4323 353 4388 de
367 4325 510 4389 uberiori
524 4325 634 4410 gratia
649 4336 769 4403 nostra,
785 4324 962 4410 pronubis,
978 4320 1164 4386 haeredibus
1185 4332 1220 4386 et
1234 4345 1306 4387 suc-

153 4409 333 4472 cessoribus
356 4411 485 4491 nostris,
511 4410 662 4475 volumus
688 4421 723 4474 et
743 4409 946 4476 concedimus
969 4408 1091 4474 eisdem
1118 4408 1317 4496 Principali,

147 4491 258 4559 :Sociis
274 4505 307 4560 et
318 4495 525 4580 scholaribus,
537 4497 665 4584 collegii
680 4497 840 4584 praedicti,
853 4496 940 4583 quod
958 4496 1087 4585 quoties
1102 4505 1137 4560 et
1158 4495 1308 4583 quando·
1347 4462 1428 4588 Ι
