3022 4874
239 154 280 221 70
522 148 811 235 &muteresheim
830 146 957 234 Collcpe,
977 147 1106 234 osferd.

28 324 195 385 opprobriam
242 310 364 395 quodsi
373 310 493 394 aliquis
503 308 733 397 praedictorum
747 303 1295 395 aliquodverbumopprobriosnm
1304 300 1406 402 alteri

28 383 158 444 langusge.
242 398 407 483 objecerit,
418 395 472 462 vel
479 396 521 461 de
536 398 640 462 altero
651 396 781 474 dixerit,
792 395 880 462 unde
889 393 1065 460 verisimile
1074 392 1120 457 sit
1133 389 1223 476 quod
1231 398 1405 455 eontentio

242 484 311 548 aive
335 484 433 569 briga
455 485 499 549 sit
528 484 666 562 oritura,
693 482 865 547 duodecim
889 481 1031 546 denariis
1053 477 1303 554 mulctabitur3
1331 498 1405 561 qua

243 592 380 649 summa,
393 570 420 634 si
429 591 526 634 causa
535 570 764 657 postulaverit,
772 567 951 634 secundum
959 566 1186 632 discretionem
1196 560 1407 713 Princiffi:

244 667 304 721 aut
330 655 598 743 Viceprincipalis
622 656 737 743 augeri
757 655 890 741 poterit.
943 652 1042 732 Quod
1058 653 1086 716 si
1101 651 1221 735 aliquis
1242 648 1327 713 scho
1382 646 1390 662 ’

31 765 123 812 musea
133 765 172 812 for
244 764 311 806 non
324 742 446 821 Sosius,
462 753 538 830 post
555 742 672 808 trinam
688 743 897 807 monitionem
912 762 972 827 per
986 738 1208 825 Principalem
1223 743 1288 800 aut
1306 734 1407 801 Vice-

32 825 202 884 ⁰¹P¹¹¹¹¹⁰¹¹0s
271 828 459 914 rincipalem
486 829 616 907 factam,
645 830 680 893 in
710 828 822 894 studio
850 827 1025 892 literarum
1052 847 1075 890 n
1118 825 1141 888 li
1182 845 1222 889 ns
1369 844 1408 887 ns

31 883 146 931 ⁸⁰¹¹⁰¹⁸³¹
283 915 347 980 erit
359 939 368 992 3
390 915 444 978 vel
466 915 495 979 si
509 915 728 993 homicidium,
752 914 890 992 furtum,
906 913 1066 1000 rapinam,
1076 847 1297 982 eagduliermm,
1324 928 1408 1058 per-

242 1001 381 1088 jurium,
419 999 626 1087 sacrilegium
662 1001 713 1064 vel
754 1001 933 1078 simoniam,
965 997 1171 1075 commiserit,
1213 995 1271 1059 vel
1300 1016 1325 1059 a
1339 994 1408 1059 iarn

270 1088 395 1151 uamvis
419 1099 531 1153 notam
556 1086 775 1173 turpitudinis
788 1086 893 1172 (quod
915 1085 1002 1150 absit
1013 1087 1038 1167 1)
1063 1081 1257 1160 incurrerit;
1287 1091 1356 1147 aut
1378 1081 1409 1145 si

247 1112 350 1239 inerit
372 1174 579 1260 noctivagus,
603 1173 656 1237 vel
679 1173 811 1238 scandet
828 1195 939 1238 muros
958 1170 1038 1236 dicti
1057 1168 1198 1257 collegii,
1220 1176 1284 1233 aut
1307 1167 1409 1233 aliud

307 1282 346 1324 ve
361 1260 486 1324 crimen
510 1261 759 1346 perpetraverit,
775 1259 864 1325 unde
884 1280 950 1323 non
973 1257 1135 1322 mediocre
1157 1253 1356 1320 scandalum
1371 1254 1408 1319 iu

246 1282 336 1410 §pto
356 1347 494 1432 collegio
519 1346 571 1411 vel
594 1357 689 1411 extra
712 1345 862 1411 suscitari
880 1346 1024 1432 poterit3
1049 1354 1110 1408 aut
1132 1342 1162 1407 si
1185 1342 1260 1425 quis
1285 1362 1409 1406 eorum

247 1433 374 1497 rixosus
382 1443 441 1498 aut
451 1439 510 1519 jur
536 1433 638 1498 'orum
654 1434 740 1497 inter
748 1433 856 1499 Socios
867 1432 920 1497 vel
935 1429 1096 1495 scholares
1104 1432 1277 1494 suscitator
1286 1429 1410 1493 creber

249 1519 417 1598 extiterit3
442 1542 462 1583 a
482 1456 618 1605 collegio
640 1519 794 1604 praedicto
820 1527 1017 1582 amoveatur.
1063 1517 1099 1580 Si
1122 1537 1199 1580 vero
1224 1513 1266 1578 de
1290 1514 1409 1599 aliquo

36 1614 224 1686 Purgatron,0n
249 1605 478 1690 praedictorum
500 1605 719 1690 probabiliter
744 1605 922 1670 secundum
947 1603 1111 1692 judicium
1136 1601 1337 1750 Principlalis
1361 1600 1411 1666 ait

36 1675 166 1733 ⁸⁰⁸P¹⁰¹⁰¹¹·
249 1699 429 1788 suspectus,
439 1701 518 1755 tunc
531 1691 728 1774 Principalis
742 1692 897 1777 injungat
912 1691 944 1755 ei
958 1689 1204 1777 purgationem,
1220 1710 1240 1750 a
1266 1688 1409 1774 'gatque

251 1774 534 1856 adrnducendum,
544 1776 573 1839 si
606 1774 971 1845 raduatusfueritduos
981 1773 1226 1862 graduatos,sin
1235 1773 1410 1849 scholaris,

251 1861 333 1926 duos
358 1860 517 1926 scholares
546 1800 605 1925 vei
630 1863 822 1948 graduatos,
856 1862 936 1927 dicti
964 1862 1095 1949 collegii
1124 1859 1252 1925 detali
1281 1858 1410 1925 delicto

250 1970 316 2012 non
347 1959 523 2034 suspectos,
556 1949 612 2032 qui
644 1948 817 2035 jurabunt,
844 1949 940 2014 tactis
967 1971 1028 2034 per
1060 1949 1148 2034 ipsos
1185 1956 1220 2012 et
1255 1946 1409 2032 ipsorum

250 2035 433 2119 quemlibet
449 2036 659 2100 sacrosanctis
683 2035 748 2100 Dei
765 2035 962 2121 Evangeliis,
984 2033 1071 2118 quod
1091 2033 1224 2098 credant
1244 2032 1409 2098 delictum

253 2121 310 2205 (de
325 2145 389 2205 quo
403 2122 448 2186 sit
462 2123 616 2208 suspicio)
632 2122 740 2209 ipsum
754 2144 821 2186 non
840 2121 1044 2191 commisisse,
1065 2119 1123 2185 sed
1140 2129 1310 2206 suspectus
1323 2121 1408 2183 sim-

252 2206 384 2291 pliciter
398 2208 486 2290 quod
508 2208 594 2272 illud
620 2230 684 2273 non
707 2208 874 2273 commisit.
921 2208 961 2272 In
976 2229 1041 2292 qua
1061 2206 1256 2294 purgatione
1270 2204 1300 2269 si
1313 2204 1409 2271 defe-

253 2292 343 2370 cerit,
368 2315 443 2356 eum
468 2315 488 2356 a
513 2294 649 2380 collegio
673 2295 796 2381 expelli
819 2295 979 2358 volumus.
1033 2293 1071 2356 ln
1093 2293 1269 2357 levioribus
1287 2301 1405 2357 autem

40 2393 189 2451 Lighterof·
255 2376 395 2452 delictis,
422 2380 619 2458 excessibus,
649 2391 683 2444 et
707 2381 897 2444 criminibus
921 2381 992 2444 sive
1014 2380 1263 2465 suspicionibus,
1287 2378 1408 2442 leviori

40 2452 130 2500 rences.
254 2461 398 2528 modoet
413 2464 590 2528 secundum
610 2466 771 2529 commissi
794 2477 828 2531 et
850 2467 965 2532 delicti
987 2465 1181 2550 qualitatem
1200 2487 1259 2552 per
1279 2465 1408 2529 Princi-

254 2548 364 2635 palem
388 2560 456 2624 aut,
483 2573 522 2615 eo
544 2551 689 2631 absente,
705 2552 998 2641 Viceprincipalem
1023 2550 1231 2640 procedatur,
1251 2550 1408 2616 adhibita

254 2658 338 2700 nunc
353 2637 460 2713 unica,
475 2660 561 2702 nune
579 2638 694 2713 altera,
710 2648 745 2703 et
760 2639 1021 2723 quandoquidem
1038 2639 1138 2704 etiarn
1157 2639 1246 2703 trina
1259 2637 1409 2702 admoni-

256 2723 353 2802 tione,
371 2724 493 2808 partim
508 2725 664 2810 privatim
686 2727 808 2810 partim
823 2749 928 2789 coram
946 2725 1095 2801 testibus,
1119 2725 1171 2790 vel
1193 2747 1268 2794 uno,
1288 2722 1352 2800 vel,
1378 2723 1410 2789 si

255 2832 338 2895 opus
356 2810 466 2885 fuerit,
485 2812 646 2897 pluribus.
692 2812 728 2876 Si
746 2834 824 2876 vero
842 2812 984 2895 aliquem
1002 2834 1067 2876 non
1084 2812 1213 2877 Sosium
1230 2810 1409 2875 incurabili

256 2899 368 2961 morbo
380 2896 640 2983 velcontagioso,
657 2907 696 2961 ut
704 2898 797 2982 lepra
813 2897 866 2960 vel
875 2898 1037 2962 consimili
1054 2899 1157 2982 (quod
1169 2897 1302 2982 obsiti),
1317 2896 1409 2960 infici

256 2983 436 3068 eontigerit,
461 3005 503 3047 ne
526 2983 637 3048 caeteri
658 2983 824 3049 laesionem
843 2982 895 3046 vel
910 2984 1117 3049 infectionem
1138 3007 1198 3071 per
1219 3005 1295 3049 eum
1317 2982 1411 3068 pati·

258 3076 367 3147 antur,
398 3069 638 3156 quamprimum
667 3092 687 3134 a
716 3069 854 3157 collegio
883 3070 1041 3156 praedicto
1071 3070 1216 3136 amoveri
1245 3069 1409 3134 volumus.

43 3161 216 3232 Prosecutjons
261 3152 357 3233 Item,
384 3156 561 3220 statuimus
590 3157 677 3240 quod
699 3157 812 3221 nullus
841 3156 923 3222 dicti
950 3157 1079 3244 collegii
1108 3158 1228 3236 Socius,
1254 3154 1409 3220 scholaris

44 3220 201 3279 sormJunes.
258 3239 312 3303 vel
335 3242 489 3321 serviens,
510 3266 693 3326 quenquam
716 3244 795 3307 dicti
820 3243 949 3330 collegii
974 3244 1007 3307 in
1024 3265 1215 3327 quacunque
1236 3263 1332 3306 eausa
1354 3241 1409 3304 in·

256 3325 418 3410 juriarum
444 3350 550 3391 coram
573 3330 685 3411 aliquo
704 3330 905 3416 magistratu
925 3330 1131 3415 implacitare
1154 3339 1214 3394 aut
1237 3327 1410 3393 convenire

258 3421 445 3497 praesumat,
460 3413 523 3476 nisi
539 3413 670 3478 licentia
684 3437 744 3499 per
766 3415 983 3498 Principalem
998 3417 1061 3490 vel,
1080 3439 1118 3480 eo
1141 3418 1287 3496 absente,
1309 3414 1411 3480 Vice-

258 3496 472 3584 principalem
486 3498 577 3582 prius
591 3521 747 3579 concessa,
762 3500 824 3564 sub
840 3523 940 3586 poena
955 3503 1165 3588 expulsionis.

302 3641 452 3708 26.-De
466 3648 564 3710 armis
578 3668 636 3710 non
645 3649 866 3798 wandini·
875 3649 912 3713 de
927 3652 1146 3736 impedimentis
1159 3651 1257 3714 audii
1270 3671 1364 3717 remo·

778 3758 796 3797 c
853 3758 889 3800 aa.

307 3839 393 3904 Cum
403 3861 492 3904 arma
501 3840 612 3926 potius
621 3839 756 3906 militem
773 3865 871 3926 quam
881 3843 1058 3910 scholarem
1069 3844 1214 3922 deceant,
1223 3843 1411 3925 statuimus,

46 3951 167 4010 esrrying
261 3925 447 3990 ordinamus
472 3936 507 3991 et
531 3927 690 4006 volumus,
716 3929 804 4012 quod
827 3931 939 3994 nullus
963 3931 1146 4017 graduatus
1175 3932 1230 3996 vel
1253 3930 1412 3995 scholaris

45 4024 164 4069 wespona
261 4011 342 4077 dicti
356 4012 494 4101 collegii,
509 4014 620 4079 Socius
633 4014 686 4078 vel
702 4037 767 4078 non
782 4016 903 4096 Socius,
920 4040 1011 4082 arma
1028 4041 1238 4103 quaecunque,
1253 4017 1414 4082 offensiva

261 4122 320 4163 seu
344 4098 522 4179 defensiva,
538 4101 624 4165 infra
650 4101 904 4168 Universitatem
928 4104 1055 4168 deferre
1076 4115 1264 4191 praesumat,
1280 4103 1413 4191 publice

259 4185 312 4250 vel
325 4186 459 4265 occulte,
473 4187 537 4250 nisi
551 4187 737 4252 devillando
751 4198 809 4252 aut
823 4189 1000 4269 redeundo,
1018 4201 1078 4255 aut
1092 4213 1131 4255 ex
1152 4191 1219 4254 alia
1239 4212 1340 4255 causa
1352 4212 1413 4277 per

261 4271 477 4358 Principalem
487 4275 820 4360 aut,eoabsente,per
831 4275 1123 4361 Vieeprincipalem
1133 4277 1254 4341 etduos
1262 4276 1412 4343 Seniores

260 4359 443 4445 approbata
457 4360 508 4424 vel
523 4359 747 4447 approbanda.
784 4362 980 4443 Statuimus,
1004 4373 1171 4450 praeterea,
1189 4363 1277 4447 quod
1295 4362 1413 4429 nullus
