3022 4874
238 228 281 292 oo
522 228 658 293 Statutes
672 232 712 310 (ff
720 230 812 290 Jcsus
832 225 959 312 Collega,
980 227 1107 309 chord

237 388 391 467 tionibus,
401 387 663 454 declamationem
680 387 867 450 memoriter
881 385 1001 450 habeat
1015 385 1049 447 in
1060 385 1166 449 thema
1181 385 1314 468 aliquod
1330 408 1400 472 per·

237 470 399 539 censorem
414 472 639 558 delegandum,
652 471 790 536 secundo
813 493 939 557 semper
959 471 1176 535 declamatore
1194 474 1393 536 contrariam

22 585 196 633 Penaltisssor
237 561 268 623 ci
278 571 405 646 partem
413 568 572 637 sumente,
582 559 635 640 qni
645 558 735 643 prius
744 558 785 622 de
797 558 854 620 illo
863 557 1005 622 themate
1015 556 1107 621 dixit.
1133 557 1225 620 ltasi
1236 557 1393 623 scholaris

22 646 120 704 neglect
128 646 163 693 οἳ·
237 668 320 732 puer
328 668 391 709 non
399 645 519 722 fecerit,
532 644 723 707 verberibus
732 644 921 730 castigetur,
931 644 981 706 sin
993 642 1131 714 adultus,
1141 643 1192 707 vel
1204 644 1392 728 privatione

238 731 402 796 convictus
410 731 461 794 vel
475 729 607 794 mulctae
623 730 688 793 irro
732 730 834 806 tione;
850 730 1081 793 baccalaureus
1090 750 1176 808 vero,
1189 731 1217 792 si
1226 729 1272 792 sic
1281 729 1391 794 facere

238 817 425 903 neglexerit,
442 816 664 902 quadraginta
679 752 821 881 ddnariis
833 836 892 902 pro
907 817 1015 900 prima
1029 815 1109 893 vice,
1126 822 1160 878 et
1176 837 1236 900 pro
1251 817 1392 881 secunda

237 925 293 966 sex
309 901 422 966 solidis
441 912 477 965 et
492 912 563 967 octo
577 900 730 977 denariis,
746 901 923 986 puniatur;
947 899 1005 965 sed
1021 922 1080 1000 pro
1099 902 1207 977 tertia,
1224 901 1392 966 arbitratu

239 988 433 1073 Principalis
458 996 527 1066 aut,
554 1010 592 1051 eo
618 987 761 1061 absente,
780 985 1049 1072 Viceprincipalis
1073 1001 1107 1050 et
1131 987 1262 1072 majoris
1285 987 1391 1072 partis

20 1081 182 1143 Dimalion
193 1086 220 1131 in
242 1075 418 1137 Sociorum.
456 1074 605 1160 Insuper,
616 1073 803 1152 statuimus,
816 1072 1004 1136 ordinamus
1016 1084 1047 1136 et
1058 1072 1221 1151 volumus,
1230 1082 1265 1136 ut
1279 1095 1393 1137 omncs

23 1142 145 1204 theology.
241 1158 437 1245 [etsinguli]
448 1159 554 1223 theolo
578 1159 620 1223 iae
628 1158 739 1222 studio
748 1158 905 1221 destinati
919 1159 1078 1244 (exceptis
1092 1159 1291 1222 Doctoribus
1301 1158 1392 1222 illius

239 1244 422 1329 facultatis)
445 1267 482 1308 ac
506 1183 688 1329 phdosophi
712 1244 820 1314 etiam,
835 1243 929 1307 modo
952 1245 1071 1308 artium
1087 1243 1241 1329 Magistri
1264 1244 1339 1322 sint,
1356 1254 1391 1308 et

240 1343 367 1417 tempus
386 1330 575 1394 necessarias
597 1352 663 1392 suae
679 1330 833 1416 regentiae
849 1330 1055 1405 excesserint,
1072 1330 1114 1393 ab
1137 1329 1218 1394 hora
1231 1341 1325 1394 sexta
1343 1329 1389 1394 ad

237 1428 393 1494 octavam,
410 1416 556 1499 qualibet
575 1415 737 1498 quindena
754 1415 941 1479 intermino
959 1415 1067 1493 semel,
1085 1415 1284 1498 incipientes,
1300 1415 1391 1480 vide·

237 1503 323 1581 licet,
340 1501 480 1567 secundo
495 1506 650 1586 cujusque
667 1501 797 1564 termini
813 1500 866 1564 die
882 1502 1030 1580 Sabbati,
1047 1502 1075 1563 si
1089 1501 1192 1565 festus
1203 1524 1265 1566 non
1277 1501 1389 1580 fucrit,

239 1611 342 1652 unum
358 1588 492 1673 aliquod
505 1587 614 1650 thema
630 1585 860 1671 theologicum,
877 1610 918 1651 ex
934 1609 1092 1651 consensu
1110 1587 1303 1673 Principalis
1319 1599 1389 1666 aut,

238 1697 276 1738 co
296 1676 440 1750 absente,
464 1673 731 1759 Viceprincipalis
753 1672 951 1759 eligendum,
975 1673 1008 1737 iu
1028 1672 1154 1758 capella
1177 1673 1392 1760 disputando,

238 1760 406 1825 excutiant
435 1770 469 1822 et
499 1767 651 1821 tractent.
698 1759 735 1821 ln
770 1782 835 1841 quo
865 1759 1022 1823 exercitio
1050 1758 1247 1843 respondeat
1307 1760 1390 1823 rimo

233 1846 354 1928 junior,
370 1855 404 1908 et
419 1844 463 1907 sic
477 1843 669 1907 ascendatur
691 1843 734 1907 ad
747 1844 890 1908 seniores
916 1867 1036 1922 omneS,
1051 1844 1228 1908 secundum
1243 1783 1391 1908 ordinem

238 1931 438 1994 senioritatis
459 1929 678 2005 circularitcr;
701 1929 749 1993 ita
771 1939 881 1994 tamen
899 1941 937 1993 ut
951 1929 1045 1994 initio
1068 1929 1243 2011 cujuslibet
1259 1931 1392 1994 termini

242 2016 411 2081 Michaelis
423 2036 551 2099 semper
566 2015 916 2100 incipiaturamaxime
927 2015 1063 2098 juniore.
1108 2017 1269 2100 Opponat
1278 2026 1393 2080 autem

240 2103 343 2186 primo
364 2101 474 2186 junior
490 2100 539 2163 illi
564 2101 733 2188 proximus
756 2110 795 2164 ut
820 2101 908 2185 prior
934 2122 1107 2186 opponens
1124 2099 1264 2163 secunda
1280 2113 1392 2167 autem

240 2189 307 2252 viee
323 2198 469 2274 opponat
491 2189 547 2270 qui
573 2187 676 2273 priori
699 2188 923 2273 respondebat,
940 2196 974 2250 et
989 2186 1184 2271 respondeat
1210 2187 1267 2270 qui
1285 2189 1391 2272 priori

240 2275 446 2358 opponebat3
463 2284 497 2337 et
518 2274 562 2336 sic
577 2273 739 2355 deinceps.
784 2272 910 2336 Praetcr
925 2282 1139 2358 opponentem
1155 2272 1308 2358 priorem,
1325 2274 1392 2338 duo

239 2381 283 2421 ex
305 2358 469 2444 praedictis
492 2357 662 2441 theologiae
683 2357 856 2423 destinatis
880 2368 914 2423 et
937 2358 1104 2443 Magistris
1129 2358 1260 2435 artium,
1276 2359 1392 2424 ordine

239 2445 447 2522 senioritatis,
461 2443 643 2529 incipiendo
666 2465 685 2506 a
709 2444 847 2508 maxime
873 2445 1007 2523 seniore,
1024 2454 1189 2531 opponant
1213 2444 1312 2509 etiam
1335 2444 1391 2509 vel

241 2528 296 2611 (ut
320 2529 514 2615 loquuntur)
542 2530 710 2615 replicent.
765 2529 833 2593 His
863 2539 991 2616 tempus
1027 2531 1219 2594 conveniens
1248 2531 1391 2617 assignet

241 2614 447 2689 moderator;
475 2614 562 2698 quod
595 2637 715 2679 munus
741 2616 932 2701 Principalis
961 2615 1014 2680 vel
1044 2615 1325 2704 Viceprincipalis,
1340 2617 1394 2680 vcl

243 2700 360 2784 aliquis
374 2701 457 2765 alius
472 2722 517 2764 ex
531 2701 633 2765 Sociis
645 2723 707 2850 per
721 2724 832 2766 eorum
853 2703 993 2766 alterum
1008 2701 1268 2780 substituendus,
1284 2704 1390 2767 obeat.

243 2788 393 2866 Quilibet
408 2788 513 2874 magis
527 2787 643 2851 elicien
669 2787 857 2852 aeveritatis
873 2788 1047 2867 avidisint,
1058 2811 1156 2870 quam
1176 2790 1389 2852 contentioni·

242 2875 305 2938 bus
339 2885 399 2939 aut
428 2875 600 2937 verborum
638 2873 761 2959 pugnis
775 2872 890 2937 dediti.
936 2873 1098 2938 Volumus
1123 2875 1232 2945 etiam,
1259 2884 1298 2937 ut
1322 2885 1391 2938 tam

241 2962 440 3047 respondens
478 2981 576 3043 quam
606 2960 664 3042 qui
693 2969 803 3022 contra
832 2958 1025 3044 disputabit,
1055 2960 1193 3023 verbosa
1230 2960 1393 3045 prooemia

243 3055 404 3132 amputet,
420 3068 521 3129 eaque
536 3053 665 3108 tantum
689 3042 779 3107 dicat
798 3065 870 3128 quae
885 3045 1032 3108 materiae
1050 3045 1209 3130 subjectae
1224 3045 1392 3110 commode

29 3152 183 3201 Attendimus
196 3158 223 3201 at
242 3131 449 3218 respondent,
473 3139 573 3214 atque
595 3152 635 3194 ea
656 3129 766 3214 omnia
782 3130 978 3194 memoriter.
1026 3130 1090 3193 His
1109 3130 1391 3217 disputationibus

27 3213 198 3272 disputatione.
243 3240 353 3282 omnes
377 3217 486 3280 Socios
514 3226 549 3281 et
572 3214 731 3280 scholares
762 3214 840 3279 dicti
865 3215 996 3302 collegii
1024 3226 1059 3280 et
1092 3227 1325 3281 commorantes
1355 3217 1391 3280 in

143 3330 145 3333 ’
244 3302 368 3381 codem,
383 3303 527 3389 exceptis
551 3302 781 3380 servientibus,
806 3302 973 3381 interesse,
997 3325 1017 3365 a
1039 3302 1203 3389 principio
1220 3326 1323 3386 usquc
1346 3304 1391 3367 ad

242 3390 350 3467 finem,
367 3390 576 3463 tenebuntur,
601 3399 640 3452 ut
656 3410 731 3472 quae
754 3387 796 3451 ad
820 3411 929 3452 veram
953 3397 987 3452 et
1012 3389 1171 3452 sinceram
1196 3389 1391 3474 religionem

243 3482 400 3559 spectant,
411 3475 530 3558 saepius
544 3473 719 3547 audiendo,
729 3473 916 3558 intelligant
927 3484 961 3537 et
972 3476 1137 3537 memoriae
1152 3473 1391 3539 commendent.

29 3568 226 3615 Publioationot
244 3558 404 3623 'l'hemata
433 3570 555 3635 autem,
581 3581 654 3641 quae
683 3559 718 3620 in
742 3559 879 3642 singulis
906 3558 1120 3644 philosophiae
1151 3572 1185 3625 et
1214 3560 1392 3647 theologiae

28 3627 129 3674 ‘mm‘
244 3644 523 3730 disputationibus
549 3644 584 3706 in
600 3643 811 3725 quaestionem
826 3644 1037 3723 vocabuntur,
1064 3647 1180 3731 quovis
1207 3646 1261 3710 die
1285 3646 1392 3711 Lunae

243 3731 391 3815 proxime
430 3728 664 3814 disputationis
688 3726 791 3791 ¹diem
828 3729 1043 3813 praecedente,
1073 3731 1183 3817 palam
1216 3733 1252 3794 in
1282 3732 1393 3818 aliquo

243 3826 358 3902 aperto
380 3837 417 3878 ca
441 3815 513 3879 ellae
527 3814 606 3892 loco,
622 3813 662 3877 ad
677 3813 761 3877 illud
776 3837 796 3877 a
812 3815 990 3901 Principali
1011 3816 1194 3903 designato,
1210 3839 1392 3903 proponan-

244 3913 299 3967 tur
327 3912 362 3967 et
391 3838 567 3986 affigantur
595 3922 654 3984 per
684 3922 738 3964 eos
769 3901 828 3984 qui
857 3901 915 3965 illa
945 3903 1126 4001 septimana
1157 3903 1391 3990 respondentis

243 4009 374 4052 munere
387 3987 578 4072 fungentur,
602 3996 641 4049 ut
661 3986 707 4049 sic
723 3987 861 4071 quisque
885 3988 928 4051 ad
955 3988 1195 4074 disputationes
1216 3990 1393 4074 praedictas

244 4083 377 4159 paratus
400 4073 645 4154 instructusque
661 4074 782 4152 veniat,
799 4096 858 4137 nec
881 4075 1032 4156 cuiquam
1051 4075 1148 4138 liceat
1169 4075 1391 4160 ignorantiam

29 4180 147 4230 Personat
156 4197 211 4244 ρετ.
245 4169 432 4245 praetexere.
476 4158 634 4240 Quisquis
650 4170 760 4224 autem
776 4181 834 4241 pcr
849 4183 883 4223 se
900 4161 933 4223 in
957 4183 1018 4223 sua
1041 4161 1173 4246 propria
1193 4182 1342 4245 persona,
1360 4174 1393 4224 et

29 4241 193 4288 f⁰¹¹¹¹⁸¹¹⁰⁹⁰f
244 4268 306 4309 non
322 4267 382 4331 per
406 4245 519 4322 alium,
534 4243 644 4308 omnia
658 4246 813 4309 exercitia
835 4246 897 4308 sibi
912 4268 972 4331 per
995 4246 1064 4309 haec
1085 4255 1212 4310 statuta
1227 4247 1392 4332 imposita,

30 4301 156 4348 mim
244 4332 314 4396 sive
329 4330 556 4416 respondendi,
572 4331 639 4395 sive
655 4331 848 4417 opponendi,
873 4332 942 4394 sive
964 4330 1175 4417 praelegendi,
1188 4332 1257 4396 sive
1284 4331 1392 4396 decla-

243 4417 362 4489 mandi,
390 4416 547 4503 perficiet.
597 4418 664 4488 Qui
693 4417 882 4481 necessariis
912 4426 946 4480 et
971 4417 1169 4504 urgentibus
1195 4417 1346 4502 negotiis
1373 4443 1393 4482 u
